5468 7666
857 922 897 986 11
1226 923 1256 984 S.
1281 921 1579 984 CHRODEGANGI
1602 921 1805 982 murensis
1827 921 2010 984 EPISGOPI

879 1095 917 1160 17
941 1095 976 1160 Si
993 1094 1064 1178 quis
1080 1093 1209 1158 clericus
1225 1097 1398 1158 contumax
1416 1101 1471 1158 aut
1492 1093 1691 1158 inoboediens
1716 1100 1772 1156 oret
1793 1091 1944 1177 superbus
1967 1100 2022 1157 uret
2045 1092 2192 1157 ebn'osus
2215 1101 2270 1158 aut
2297 1093 2458 1158 detractor

941 1206 997 1262 aut
1019 1199 1236 1262 contradictor

880 1303 918 1367 18
941 1309 996 1366 cut
1017 1301 1155 1366 rebelles
1177 1309 1233 1365 out
1255 1301 1481 1366 contensiosus
1504 1309 1559 1365 aut
1582 1319 1787 1366 murmorans
1809 1307 1865 1364 ant
1891 1300 2048 1365 indictum
2064 1300 2219 1365 ieiunium
2236 1305 2456 1383 transgressus

939 1406 1038 1490 fuerit

831 1533 844 1572 e
877 1511 916 1574 19
940 1514 995 1575 aut
1018 1509 1061 1574 ud
1083 1529 1204 1573 crucem
1225 1509 1331 1573 iussus
1353 1507 1458 1573 stare¹
1488 1509 1706 1587 contemserit,
1735 1516 1791 1573 aret
1820 1511 2001 1592 increpatus
2028 1511 2149 1572 ueniam
2171 1529 2235 1572 non
2252 1510 2380 1592 petierit
2401 1515 2455 1572 out

938 1616 973 1678 in
995 1615 1093 1678 ulium
1115 1613 1312 1677 contrarium
1334 1615 1504 1677 consistens

874 1720 917 1783 10
938 1716 1036 1784 uhic²
1057 1717 1190 1800 parvule
1212 1716 1468 1782 instituciuncule
1491 1724 1518 1780 et
1536 1718 1690 1802 preceptis
1712 1719 1847 1800 episcopi
1875 1717 1921 1779 uel
1944 1719 1998 1802 qui
2019 1715 2075 1780 sid
2098 1737 2131 1780 eo
2153 1724 2227 1780 snm
2249 1721 2454 1798 contemptor

939 1825 1087 1905 repertus

876 1927 912 1990 11
938 1926 1053 2008 suerit,
1087 1924 1136 1988 liic
1165 1924 1334 1988 secuudum
1363 1924 1496 1988 Domini
1528 1926 1630 1988 nostri
1652 1931 1834 2007 preceptum
1867 1928 2094 1988 ammoneatur
2127 1924 2227 1988 semel
2261 1931 2288 1987 et
2321 1923 2455 1986 serundo

821 2049 845 2091 n
939 2036 1053 2094 secreto
1076 2049 1096 2092 α
1118 2027 1293 2093 senioretus
1314 2030 1388 2092 suis.
1434 2027 1556 2091 Sinon
1579 2027 1786 2092 emendaverit

876 2134 917 2198 11
940 2129 1147 2214 obiurgetur³
1158 2131 1282 2216 publice
1299 2153 1405 2196 cortem
1422 2131 1573 2196 omnibns.
1605 2131 1642 2196 Si
1657 2152 1728 2196 uero
1746 2153 1843 2216 neque
1865 2134 1909 2196 sie
1932 2131 2115 2208 correxerit,
2138 2133 2166 2196 si
2188 2131 2330 2215 intelliqit
2354 2130 2456 2215 qualis

935 2257 1041 2322 poena
1062 2237 1103 2300 sit

875 2341 916 2403 113
940 2335 1253 2404 excommunicetior'r
1277 2338 1453 2403 subiaceat.
1498 2336 1556 2402 Sin
1579 2345 1680 2402 autem
1700 2338 1856 2420 inprobus
1875 2347 1927 2422 est,
1950 2345 1985 2402 ut
2008 2337 2041 2422 (l.
2062 2338 2131 2422 aut)
2154 2339 2261 2402 minus
2284 2337 2456 2422 intettiqens

939 2444 986 2507 nel
1007 2445 1058 2506 in·

821 2567 845 2609 n
876 2546 919 2610 11
941 2546 1138 2628 corrigibilis,
1161 2547 1300 2611 vindicte
1324 2547 1484 2628 corporati
1506 2546 1674 2610 subdatur.
1719 2545 1852 2614 XVIII.
1897 2544 2036 2614 Deliis
2059 2543 2186 2632 quiin
2209 2543 2360 2632 quibus-

876 2651 917 2713 15
941 2649 1025 2719 dum
1048 2648 1258 2720 levioribus
1281 2646 1506 2717 selincurte
1551 2648 1586 2712 Si
1609 2649 1681 2730 quis
1704 2669 1741 2712 ee
1764 2649 1872 2714 clero⁵
1894 2650 1940 2713 vet
1962 2650 2005 2713 ad
2028 2670 2166 2714 mensam
2187 2649 2280 2712 tarde

875 2755 917 2818 16
940 2751 1147 2830 decurreritf‘,
1171 2761 1226 2818 uui
1237 2775 1301 2838 pro
1319 2754 1428 2838 ulique
1444 2773 1540 2816 causo
1558 2755 1662 2816 senior
1679 2751 1883 2834 psalmodia⁷
1906 2753 1952 2816 eet
1974 2755 2086 2817 missos
2109 2756 2240 2817 cantare
2263 2753 2457 2817 ordinaverit

941 2857 1045 2921 etboc
1067 2859 1193 2922 minime
1214 2858 1387 2942 inpleverit,
1410 2866 1437 2921 et
1459 2859 1488 2921 si

876 2961 917 3024 et
940 2959 1070 3042 fregerit
1093 2962 1257 3046 quidpiam
1279 2969 1333 3026 nui
1351 2960 1529 3046 perdiderit
1551 2961 1597 3024 eet
1619 2959 1710 3024 oiired
1726 2960 1804 3043 quid
1827 2961 2000 3025 excesserit
2022 2969 2050 3024 et
2073 2981 2136 3024 reon
2157 2963 2281 3024 ueniens
2304 2961 2456 3025 continuo

820 3087 846 3129 m
945 3074 1016 3131 unte
1042 3069 1217 3150 episcopum

983 3237 1210 3322 L¹f0t12rs

901 3361 914 3423 1
941 3367 997 3423 uret
1020 3361 1074 3444 qui
1095 3359 1151 3424 sul>
1173 3361 1241 3444 ipso
1264 3367 1347 3442 sunt,
1376 3361 1444 3442 ipso
1467 3355 1575 3423 ultro⁸
1603 3361 1681 3422 sotis
1703 3359 1812 3442 feeerit
1834 3365 1861 3422 et
1883 3357 2064 3440 prodiderit
2093 3357 2237 3422 delictum
2259 3379 2359 3442 suum,
2382 3359 2457 3423 dum

934 3484 997 3548 per
1019 3463 1117 3528 ulium
1139 3465 1295 3548 nequitum
1316 3463 1423 3545 fuerit,
1446 3465 1562 3526 maiori
1585 3461 1663 3526 sub·

898 3567 1045 3632 iiaceat
1067 3564 1299 3631 emendatione⁹
1321 3564 1490 3630 secundum
1512 3565 1647 3629 modum
1670 3565 1773 3647 culpe,
1802 3567 1881 3629 siem
1911 3567 2052 3649 episcopo
2081 3566 2128 3630 eei
2158 3569 2212 3651 qui
2239 3567 2296 3630 sub
2328 3575 2457 3630 essunt

819 3690 845 3732 n
940 3673 1040 3735 uisum
1060 3671 1168 3754 fuerit.
1214 3671 1297 3735 Nam
1320 3671 1374 3754 qui
1396 3671 1461 3752 ipse
1471 3667 1500 3712 ¹⁰
1522 3673 1639 3750 sponte

898 3775 1109 3840 3con1essus
1131 3776 1245 3858 fuerit,
1267 3773 1370 3838 liviori
1393 3773 1559 3836 subiaceat
1591 3772 1857 3854 enrendmioness,
1891 3780 1925 3836 ut
1953 3772 2106 3850 dicineus,
2134 3773 2304 3838 secuudum
2331 3773 2458 3838 modum

941 3879 1041 3964 quipe.
1086 3875 1238 3947 XVIIIL

897 3983 919 4046 4
941 3979 1073 4065 Qualis
1096 3978 1247 4051 debet¹²
1269 3999 1353 4050 esse
1375 3977 1765 4051 excommunicacio¹³.

897 4088 917 4150 5
941 4085 1127 4151 Secundum
1151 4085 1242 4170 quipe
1252 4083 1281 4128 ¹⁴
1304 4084 1645 4149 excommunicationis
1667 4085 1713 4148 eci
1735 4083 1900 4168 discipline
1916 4083 2002 4148 debet
2019 4084 2143 4148 extendi
2158 4085 2358 4150 mensuri¹⁵.
2395 4087 2458 4166 Qui

820 4208 846 4250 so
941 4189 1108 4272 culparum

898 4293 1058 4358 dmodus
1084 4295 1118 4356 in
1147 4293 1323 4376 episcopum
1343 4291 1464 4374 pendit¹
1485 4289 1642 4356 iudiciii¹⁶
1668 4291 1714 4354 uei
1737 4293 1791 4374 qui
1812 4291 1867 4355 sed
1898 4312 1931 4355 eo
1961 4299 2043 4355 sunt.
2093 4292 2200 4377 Neque
2229 4314 2279 4356 eos
2289 4290 2317 4337 ¹⁷
2340 4296 2395 4378 qui
2422 4296 2457 4357 in

939 4397 1091 4479 gravibus
1107 4399 1245 4480 peccatis
1266 4393 1457 4460 incedunt¹⁸

898 4503 917 4566 7
941 4509 968 4565 et
986 4499 1073 4565 tts¹⁹
1089 4502 1193 4584 quiin
1209 4499 1334 4564 levibus
1353 4498 1538 4584 quibusdam
1556 4498 1730 4576 delincunt‚
1744 4499 1902 4581 equaliter
1913 4498 2076 4563 iudicandi
2094 4503 2186 4575 sunu
2209 4501 2263 4563 sed
2279 4501 2457 4565 secundum

899 4607 919 4670 8
942 4604 1093 4670 morbum
1116 4603 1305 4668 adhibenda
1328 4606 1377 4666 est
1399 4602 1569 4678 medicina,
1594 4603 1667 4685 quia
1690 4624 1745 4666 nec
1762 4605 1837 4686 pius
1859 4602 2005 4666 medicus
2028 4610 2122 4666 senat
2143 4603 2278 4667 vulnera

821 4729 847 4770 ss
898 4710 918 4773 9
940 4729 996 4772 nec
1018 4709 1072 4792 qui
1079 4703 1111 4750 ²⁰
1133 4707 1279 4788 accipere
1302 4703 1473 4788 spiritali²¹
1497 4706 1771 4770 medicamentum
1793 4706 1921 4771 rennuit
1929 4702 1969 4782 ²²,
1993 4705 2141 4770 sanitatis
2164 4705 2299 4789 spiritali

879 4813 919 4876 10
941 4811 1215 4876 medicamentum
1224 4807 1256 4854 ²³
1279 4811 1422 4894 consequi
1444 4831 1508 4873 non
1525 4815 1637 4893 potest.
1683 4808 1765 4876 XX.
2330 4787 2345 4814 χ

879 4915 914 4978 11
941 4909 1385 4999 111ιῃιιιιίιιιςιιῐιείιιιὶε21
1409 4909 1750 4981 observationibus.

878 5020 917 5082 m
940 5019 1028 5082 Licet
1050 5020 1135 5081 omni
1155 5025 1290 5101 tempore
1311 5019 1375 5080 ritu
1395 5016 1650 5080 Christianorum
1672 5016 1808 5097 simplex
1831 5016 1915 5080 debet
1938 5038 2000 5081 esse
2016 5025 2044 5081 et
2061 5018 2180 5094 sobria,
2203 5020 2338 5082 merisne
2354 5025 2455 5081 tumen

940 5120 1096 5202 religiosis
1118 5121 1269 5185 mentibus
1292 5122 1441 5202 convenit,
1465 5119 1503 5184 ab
1525 5117 1613 5183 leis²⁵
1635 5119 1742 5184 diebus

819 5322 845 5366 to
958 5311 983 5377 1)
1001 5310 1093 5364 iussus
1110 5312 1199 5376 stare]
1218 5314 1295 5364 stare
1313 5309 1405 5363 iussus
1440 5309 1468 5377 9)
1487 5313 1516 5362 in
1534 5312 1621 5362 atium
1637 5337 1666 5346 -
1682 5310 1839 5364 consistens
1852 5308 1927 5378 uhic]
1942 5309 1969 5362 iu
1983 5308 2078 5378 aliquo
2089 5311 2247 5365 contrarius
2258 5311 2381 5366 existens
2391 5310 2456 5365 huie

853 5396 881 5465 3)
900 5395 1074 5466 obiurgetur]
1093 5401 1230 5465 arguatur
1300 5396 1329 5464 1)
1349 5395 1501 5464 detineant]
1521 5393 1762 5460 DELINQVUNT
1836 5395 1863 5464 5)
1883 5414 1916 5450 ec
1933 5395 2022 5464 clero]
2042 5413 2076 5450 ex
2094 5396 2171 5451 clero
2190 5397 2227 5450 ad
2247 5413 2319 5466 opus
2338 5397 2390 5452 Dei
2408 5397 2456 5451 vel

853 5483 1034 5537 admoneam
1103 5481 1130 5551 6)
1150 5481 1315 5550 decurrerit]
1335 5481 1489 5536 occurrerit
1558 5481 1585 5550 7)
1602 5486 1694 5536 senior
1711 5481 1881 5550 psalmodia]
1901 5481 2087 5550 psalmodiam
2164 5483 2191 5551 8)
2210 5488 2270 5553 ipso
2288 5484 2375 5554 ultro]
2394 5485 2456 5553 ipse

853 5567 927 5622 ultro
976 5566 1003 5636 9)
1022 5570 1220 5634 mendatium]
1238 5567 1425 5623 emendationi
1483 5567 1526 5636 tu)
1545 5572 1593 5637 qni
1610 5571 1685 5637 ipse]
1703 5569 1727 5622 ei
1745 5568 1806 5636 ipso
1858 5569 1900 5637 11)
1920 5567 2013 5622 liviori
2032 5599 2065 5607 -
2084 5573 2279 5637 emendarunt!
2299 5570 2398 5626 leviori
2418 5599 2452 5608 -

854 5653 1043 5709 emendationi
1133 5653 1175 5724 te)
1202 5654 1298 5724 debet]
1325 5653 1477 5708 DEBEAT
1566 5653 2056 5724 13)sxcom1nuntcaeio]l10bvs
2089 5654 2456 5710 EXCOMVNIOATIONIS

819 5739 897 5808 1511)
916 5742 1010 5810 quipe]
1029 5741 1140 5796 modum
1159 5740 1240 5810 calpe
1303 5741 1345 5808 15)
1364 5739 1503 5808 mensuris]
1522 5756 1653 5795 mensura
1721 5741 1762 5808 16)
1782 5745 1811 5795 in
1830 5745 1981 5812 episcopum
1999 5740 2097 5810 pendit
2114 5740 2227 5810 iudiciis]
2246 5741 2274 5795 in
2294 5741 2336 5811 epi
2356 5741 2456 5810 pendis

852 5825 950 5880 iuditio
1031 5825 1074 5894 17)
1094 5827 1183 5896 Neque
1200 5829 1260 5894 ees]
1278 5827 1348 5896 Neq.
1368 5825 1411 5880 eiii
1430 5825 1468 5879 illi
1550 5825 1591 5894 18)
1616 5825 1643 5879 in
1668 5827 1805 5895 paribus
1820 5831 1939 5898 peccetis
1956 5830 2099 5894 incedunt]
2123 5827 2151 5880 in
2175 5827 2312 5896 gravibus
2331 5827 2457 5882 incidunt

853 5911 977 5980 peccatis
1058 5911 1099 5981 19)
1118 5922 1142 5967 et
1160 5915 1220 5980 hiel
1239 5913 1263 5966 de
1281 5912 1309 5967 hi
1385 5911 1430 5980 10)
1449 5931 1496 5967 nec
1514 5913 1578 5982 qui]
1597 5912 1643 5981 qui
1720 5913 1765 5982 11)
1783 5913 1914 5983 spiritali]
1933 5913 2031 5983 spualo
2110 5913 2154 5982 11)
2173 5913 2293 5983 rennuit]
2313 5913 2457 5968 rennuerit

774 5983 779 5994 ’
852 5996 897 6067 13)
915 5997 1045 6053 sanitatis
1069 6027 1102 6036 -
1125 5997 1368 6067 medicamentum]
1393 5997 1542 6053 sanitatem
1567 5999 1657 6069 spuali
1680 5999 1848 6055 medicamto
1936 5999 1981 6069 11)
2005 5999 2259 6069 quadragensimis]
2285 5999 2456 6066 QVADRA-

854 6082 991 6138 GESIME
1060 6083 1106 6152 15)
1126 6087 1236 6152 abbis]
1255 6083 1347 6140 uthis
