<?xml version="1.0" encoding="UTF-8"?>
<!DOCTYPE html PUBLIC "-//W3C//DTD XHTML 1.0 Transitional//EN"
    "http://www.w3.org/TR/xhtml1/DTD/xhtml1-transitional.dtd">
<html xmlns="http://www.w3.org/1999/xhtml" xml:lang="en" lang="en">
 <head>
  <title>
</title>
<meta http-equiv="Content-Type" content="text/html;charset=utf-8" />
  <meta name='ocr-system' content='tesseract 3.04.00' />
  <meta name='ocr-capabilities' content='ocr_page ocr_carea ocr_par ocr_line ocrx_word'/>
</head>
<body>
  <div class='ocr_page' id='page_1' title='image "./regulacanonicor00chrogoog_0029.png"; bbox 0 0 5468 7666; ppageno 0'>
   <div class='ocr_carea' id='block_1_1' title="bbox 849 991 1889 1058">
    <p class='ocr_par' dir='ltr' id='par_1_1' title="bbox 849 991 1889 1058">
     <span class='ocr_line' id='line_1_1' title="bbox 849 991 1889 1058; baseline -0.001 -2"><span class='ocrx_word' id='word_1_1' title='bbox 849 995 1016 1058; x_wconf 76' lang='lat' dir='ltr'>suanm</span> <span class='ocrx_word' id='word_1_2' title='bbox 1039 995 1333 1058; x_wconf 75' lang='lat' dir='ltr'><strong>GANONIGORUM</strong></span> <span class='ocrx_word' id='word_1_3' title='bbox 1851 991 1889 1056; x_wconf 70' lang='lat'>21</span> 
     </span>
    </p>
   </div>
   <div class='ocr_carea' id='block_1_2' title="bbox 275 1155 1927 2802">
    <p class='ocr_par' dir='ltr' id='par_1_2' title="bbox 314 1155 1893 1352">
     <span class='ocr_line' id='line_1_2' title="bbox 314 1155 1893 1247; baseline -0.004 -13"><span class='ocrx_word' id='word_1_4' title='bbox 314 1170 353 1234; x_wconf 91' lang='lat'>18</span> <span class='ocrx_word' id='word_1_5' title='bbox 376 1167 528 1247; x_wconf 85' lang='lat' dir='ltr'>audere¹‚</span> <span class='ocrx_word' id='word_1_6' title='bbox 551 1167 605 1232; x_wconf 90' lang='lat' dir='ltr'>sed</span> <span class='ocrx_word' id='word_1_7' title='bbox 627 1172 718 1232; x_wconf 86' lang='lat' dir='ltr'>erant</span> <span class='ocrx_word' id='word_1_8' title='bbox 739 1165 804 1230; x_wconf 89' lang='lat' dir='ltr'>illis</span> <span class='ocrx_word' id='word_1_9' title='bbox 827 1167 933 1230; x_wconf 87' lang='lat' dir='ltr'>omnia</span> <span class='ocrx_word' id='word_1_10' title='bbox 956 1163 1167 1243; x_wconf 80' lang='lat' dir='ltr'>communa²;</span> <span class='ocrx_word' id='word_1_11' title='bbox 1190 1166 1273 1230; x_wconf 89' lang='lat' dir='ltr'>unde</span> <span class='ocrx_word' id='word_1_12' title='bbox 1295 1173 1323 1230; x_wconf 89' lang='lat' dir='ltr'>et</span> <span class='ocrx_word' id='word_1_13' title='bbox 1344 1155 1456 1230; x_wconf 78' lang='lat' dir='ltr'>bebere</span> <span class='ocrx_word' id='word_1_14' title='bbox 1479 1161 1692 1230; x_wconf 83' lang='lat' dir='ltr'>dicebantur³</span> <span class='ocrx_word' id='word_1_15' title='bbox 1715 1185 1769 1228; x_wconf 87' lang='lat' dir='ltr'>eor</span> <span class='ocrx_word' id='word_1_16' title='bbox 1790 1184 1893 1229; x_wconf 93' lang='lat' dir='ltr'>unum</span> 
     </span>
     <span class='ocr_line' id='line_1_3' title="bbox 376 1266 1343 1352; baseline -0.004 -15"><span class='ocrx_word' id='word_1_17' title='bbox 376 1279 403 1336; x_wconf 88' lang='lat' dir='ltr'>et</span> <span class='ocrx_word' id='word_1_18' title='bbox 425 1274 565 1336; x_wconf 89' lang='lat' dir='ltr'>animam</span> <span class='ocrx_word' id='word_1_19' title='bbox 586 1291 703 1352; x_wconf 71' lang='lat' dir='ltr'>unare,</span> <span class='ocrx_word' id='word_1_20' title='bbox 735 1269 853 1334; x_wconf 82' lang='lat' dir='ltr'>cotidie</span> <span class='ocrx_word' id='word_1_21' title='bbox 876 1271 957 1334; x_wconf 88' lang='lat' dir='ltr'>euim</span> <span class='ocrx_word' id='word_1_22' title='bbox 981 1272 1066 1334; x_wconf 89' lang='lat' dir='ltr'>circa</span> <span class='ocrx_word' id='word_1_23' title='bbox 1088 1269 1197 1335; x_wconf 88' lang='lat' dir='ltr'>damus</span> <span class='ocrx_word' id='word_1_24' title='bbox 1218 1266 1343 1352; x_wconf 83' lang='lat' dir='ltr'>panes⁴</span> 
     </span>
    </p>

    <p class='ocr_par' dir='ltr' id='par_1_3' title="bbox 313 1371 1892 1563">
     <span class='ocr_line' id='line_1_4' title="bbox 313 1371 1892 1458; baseline -0.004 -17"><span class='ocrx_word' id='word_1_25' title='bbox 313 1377 352 1441; x_wconf 89' lang='grc'>19</span> <span class='ocrx_word' id='word_1_26' title='bbox 375 1375 571 1456; x_wconf 77' lang='lat' dir='ltr'>frangentes,</span> <span class='ocrx_word' id='word_1_27' title='bbox 603 1373 686 1458; x_wconf 80' lang='lat' dir='ltr'>quod</span> <span class='ocrx_word' id='word_1_28' title='bbox 714 1375 749 1436; x_wconf 88' lang='lat' dir='ltr'>in</span> <span class='ocrx_word' id='word_1_29' title='bbox 779 1391 950 1438; x_wconf 91' lang='lat' dir='ltr'>commune</span> <span class='ocrx_word' id='word_1_30' title='bbox 980 1373 1192 1456; x_wconf 80' lang='lat' dir='ltr'>accipiebant,</span> <span class='ocrx_word' id='word_1_31' title='bbox 1222 1380 1287 1436; x_wconf 91' lang='lat' dir='ltr'>tam</span> <span class='ocrx_word' id='word_1_32' title='bbox 1315 1373 1378 1436; x_wconf 85' lang='lat' dir='ltr'>viri</span> <span class='ocrx_word' id='word_1_33' title='bbox 1407 1393 1501 1456; x_wconf 80' lang='lat' dir='ltr'>quam</span> <span class='ocrx_word' id='word_1_34' title='bbox 1530 1373 1645 1455; x_wconf 74' lang='lat' dir='ltr'>sanine</span> <span class='ocrx_word' id='word_1_35' title='bbox 1674 1392 1726 1436; x_wconf 90' lang='lat' dir='ltr'>seu</span> <span class='ocrx_word' id='word_1_36' title='bbox 1757 1371 1892 1454; x_wconf 88' lang='lat' dir='ltr'>parvuli,</span> 
     </span>
     <span class='ocr_line' id='line_1_5' title="bbox 375 1477 912 1563; baseline -0.006 -20"><span class='ocrx_word' id='word_1_37' title='bbox 375 1479 540 1563; x_wconf 82' lang='lat' dir='ltr'>omniqaae</span> <span class='ocrx_word' id='word_1_38' title='bbox 560 1477 674 1560; x_wconf 79' lang='lat' dir='ltr'>vulgus</span> <span class='ocrx_word' id='word_1_39' title='bbox 696 1477 813 1541; x_wconf 87' lang='lat' dir='ltr'>ardore</span> <span class='ocrx_word' id='word_1_40' title='bbox 835 1477 912 1540; x_wconf 89' lang='lat' dir='ltr'>fidei</span> 
     </span>
    </p>

    <p class='ocr_par' dir='ltr' id='par_1_4' title="bbox 311 1577 1914 1770">
     <span class='ocr_line' id='line_1_6' title="bbox 311 1577 1914 1666; baseline -0.001 -19"><span class='ocrx_word' id='word_1_41' title='bbox 311 1583 354 1647; x_wconf 75' lang='grc'>10</span> <span class='ocrx_word' id='word_1_42' title='bbox 375 1582 502 1646; x_wconf 85' lang='lat' dir='ltr'>accensi</span> <span class='ocrx_word' id='word_1_43' title='bbox 524 1589 617 1666; x_wconf 81' lang='lat' dir='ltr'>atque</span> <span class='ocrx_word' id='word_1_44' title='bbox 644 1583 680 1644; x_wconf 90' lang='lat' dir='ltr'>in</span> <span class='ocrx_word' id='word_1_45' title='bbox 709 1601 815 1644; x_wconf 89' lang='lat' dir='ltr'>amore</span> <span class='ocrx_word' id='word_1_46' title='bbox 842 1580 1004 1662; x_wconf 82' lang='lat' dir='ltr'>religionis</span> <span class='ocrx_word' id='word_1_47' title='bbox 1025 1580 1202 1662; x_wconf 78' lang='lat' dir='ltr'>provocati,</span> <span class='ocrx_word' id='word_1_48' title='bbox 1226 1583 1343 1644; x_wconf 84' lang='lat' dir='ltr'>cunctis</span> <span class='ocrx_word' id='word_1_49' title='bbox 1366 1601 1433 1644; x_wconf 90' lang='lat' dir='ltr'>cum</span> <span class='ocrx_word' id='word_1_50' title='bbox 1454 1582 1634 1665; x_wconf 75' lang='lat' dir='ltr'>prociarum</span> <span class='ocrx_word' id='word_1_51' title='bbox 1657 1581 1777 1643; x_wconf 89' lang='lat' dir='ltr'>actione</span> <span class='ocrx_word' id='word_1_52' title='bbox 1799 1577 1914 1646; x_wconf 79' lang='lat' dir='ltr'>suffr-s</span> 
     </span>
     <span class='ocr_line' id='line_1_7' title="bbox 376 1681 1382 1770; baseline -0.003 -21"><span class='ocrx_word' id='word_1_53' title='bbox 376 1685 492 1750; x_wconf 81' lang='lat' dir='ltr'>cientis</span> <span class='ocrx_word' id='word_1_54' title='bbox 515 1689 593 1749; x_wconf 81' lang='lat' dir='ltr'>erni.</span> <span class='ocrx_word' id='word_1_55' title='bbox 638 1684 701 1748; x_wconf 84' lang='lat' dir='ltr'>Sed</span> <span class='ocrx_word' id='word_1_56' title='bbox 723 1687 798 1770; x_wconf 83' lang='lat' dir='ltr'>quia</span> <span class='ocrx_word' id='word_1_57' title='bbox 820 1686 937 1748; x_wconf 79' lang='lat' dir='ltr'>nastris</span> <span class='ocrx_word' id='word_1_58' title='bbox 959 1683 1148 1768; x_wconf 85' lang='lat' dir='ltr'>temporibus</span> <span class='ocrx_word' id='word_1_59' title='bbox 1170 1681 1382 1766; x_wconf 89' lang='lat' dir='ltr'>persuaderi⁵</span> 
     </span>
    </p>

    <p class='ocr_par' dir='ltr' id='par_1_5' title="bbox 299 1785 1892 1956">
     <span class='ocr_line' id='line_1_8' title="bbox 299 1785 1892 1872; baseline -0.004 -19"><span class='ocrx_word' id='word_1_60' title='bbox 299 1789 350 1853; x_wconf 75' lang='grc'>-11</span> <span class='ocrx_word' id='word_1_61' title='bbox 375 1809 440 1854; x_wconf 90' lang='lat' dir='ltr'>nou</span> <span class='ocrx_word' id='word_1_62' title='bbox 450 1796 562 1872; x_wconf 84' lang='lat' dir='ltr'>potest,</span> <span class='ocrx_word' id='word_1_63' title='bbox 585 1788 693 1853; x_wconf 80' lang='lat' dir='ltr'>saltim</span> <span class='ocrx_word' id='word_1_64' title='bbox 710 1788 755 1852; x_wconf 86' lang='lat' dir='ltr'>uel</span> <span class='ocrx_word' id='word_1_65' title='bbox 771 1788 828 1852; x_wconf 88' lang='lat' dir='ltr'>boc</span> <span class='ocrx_word' id='word_1_66' title='bbox 845 1787 1101 1864; x_wconf 66' lang='lat' dir='ltr'>consenciamus</span> <span class='ocrx_word' id='word_1_67' title='bbox 1123 1795 1159 1851; x_wconf 90' lang='lat' dir='ltr'>ut</span> <span class='ocrx_word' id='word_1_68' title='bbox 1175 1787 1218 1851; x_wconf 90' lang='lat' dir='ltr'>ad</span> <span class='ocrx_word' id='word_1_69' title='bbox 1240 1786 1477 1868; x_wconf 85' lang='lat' dir='ltr'>aliquantulum</span> <span class='ocrx_word' id='word_1_70' title='bbox 1499 1807 1627 1870; x_wconf 78' lang='lat' dir='ltr'>cumque</span> <span class='ocrx_word' id='word_1_71' title='bbox 1649 1785 1892 1848; x_wconf 81' lang='lat' dir='ltr'>similitudinem</span> 
     </span>
     <span class='ocr_line' id='line_1_9' title="bbox 376 1892 1053 1956; baseline -0.003 0"><span class='ocrx_word' id='word_1_72' title='bbox 376 1892 634 1956; x_wconf 81' lang='lat' dir='ltr'>conversacionis</span> <span class='ocrx_word' id='word_1_73' title='bbox 656 1912 763 1956; x_wconf 90' lang='lat' dir='ltr'>eorum</span> <span class='ocrx_word' id='word_1_74' title='bbox 784 1899 908 1956; x_wconf 88' lang='lat' dir='ltr'>nostros</span> <span class='ocrx_word' id='word_1_75' title='bbox 930 1893 1053 1956; x_wconf 90' lang='lat' dir='ltr'>animos</span> 
     </span>
    </p>

    <p class='ocr_par' dir='ltr' id='par_1_6' title="bbox 311 1991 1927 2182">
     <span class='ocr_line' id='line_1_10' title="bbox 311 1991 1891 2079; baseline -0.003 -19"><span class='ocrx_word' id='word_1_76' title='bbox 311 1995 352 2060; x_wconf 70' lang='grc'>11</span> <span class='ocrx_word' id='word_1_77' title='bbox 376 1994 617 2073; x_wconf 84' lang='lat' dir='ltr'>contrahamus,</span> <span class='ocrx_word' id='word_1_78' title='bbox 641 1996 717 2079; x_wconf 79' lang='lat' dir='ltr'>quia</span> <span class='ocrx_word' id='word_1_79' title='bbox 737 1995 832 2060; x_wconf 88' lang='lat' dir='ltr'>nimis</span> <span class='ocrx_word' id='word_1_80' title='bbox 854 1992 979 2060; x_wconf 84' lang='lat' dir='ltr'>inerie⁶</span> <span class='ocrx_word' id='word_1_81' title='bbox 1002 1994 1175 2078; x_wconf 82' lang='lat' dir='ltr'>lepideque</span> <span class='ocrx_word' id='word_1_82' title='bbox 1198 1991 1432 2058; x_wconf 88' lang='lat' dir='ltr'>acremisisse⁷</span> <span class='ocrx_word' id='word_1_83' title='bbox 1455 1993 1641 2058; x_wconf 89' lang='lat' dir='ltr'>devocionis</span> <span class='ocrx_word' id='word_1_84' title='bbox 1664 2000 1717 2076; x_wconf 91' lang='lat' dir='ltr'>est,</span> <span class='ocrx_word' id='word_1_85' title='bbox 1739 2000 1774 2056; x_wconf 89' lang='lat' dir='ltr'>ut</span> <span class='ocrx_word' id='word_1_86' title='bbox 1798 1991 1891 2077; x_wconf 81' lang='lat' dir='ltr'>qrcod,</span> 
     </span>
     <span class='ocr_line' id='line_1_11' title="bbox 375 2099 1927 2182; baseline 0.002 -20"><span class='ocrx_word' id='word_1_87' title='bbox 375 2101 454 2163; x_wconf 85' lang='lat' dir='ltr'>sicut</span> <span class='ocrx_word' id='word_1_88' title='bbox 475 2099 623 2182; x_wconf 81' lang='lat' dir='ltr'>dicimus,</span> <span class='ocrx_word' id='word_1_89' title='bbox 650 2119 739 2162; x_wconf 89' lang='lat' dir='ltr'>omne</span> <span class='ocrx_word' id='word_1_90' title='bbox 760 2099 874 2180; x_wconf 76' lang='lat' dir='ltr'>vulgus</span> <span class='ocrx_word' id='word_1_91' title='bbox 1903 2125 1927 2165; x_wconf 89' lang='grc'>11</span> 
     </span>
    </p>

    <p class='ocr_par' dir='ltr' id='par_1_7' title="bbox 311 2198 1890 2391">
     <span class='ocr_line' id='line_1_12' title="bbox 311 2198 1890 2287; baseline -0.003 -19"><span class='ocrx_word' id='word_1_92' title='bbox 311 2203 352 2268; x_wconf 75' lang='grc'>13</span> <span class='ocrx_word' id='word_1_93' title='bbox 370 2223 434 2286; x_wconf 84' lang='lat' dir='ltr'>pro</span> <span class='ocrx_word' id='word_1_94' title='bbox 457 2200 520 2265; x_wconf 89' lang='lat' dir='ltr'>Dei</span> <span class='ocrx_word' id='word_1_95' title='bbox 541 2205 666 2267; x_wconf 89' lang='lat' dir='ltr'>nomine</span> <span class='ocrx_word' id='word_1_96' title='bbox 687 2201 862 2280; x_wconf 82' lang='lat' dir='ltr'>consensit,</span> <span class='ocrx_word' id='word_1_97' title='bbox 884 2203 1009 2287; x_wconf 82' lang='lat' dir='ltr'>eosqui</span> <span class='ocrx_word' id='word_1_98' title='bbox 1024 2198 1429 2284; x_wconf 67' lang='lat' dir='ltr'>peculiariissscanonicis⁹</span> <span class='ocrx_word' id='word_1_99' title='bbox 1445 2200 1598 2266; x_wconf 90' lang='lat' dir='ltr'>inservire</span> <span class='ocrx_word' id='word_1_100' title='bbox 1614 2199 1765 2277; x_wconf 79' lang='lat' dir='ltr'>debemus,</span> <span class='ocrx_word' id='word_1_101' title='bbox 1786 2219 1890 2281; x_wconf 87' lang='lat' dir='ltr'>quan-</span> 
     </span>
     <span class='ocr_line' id='line_1_13' title="bbox 374 2305 826 2391; baseline 0 -21"><span class='ocrx_word' id='word_1_102' title='bbox 374 2305 477 2370; x_wconf 86' lang='lat' dir='ltr'>lulam</span> <span class='ocrx_word' id='word_1_103' title='bbox 499 2327 627 2391; x_wconf 74' lang='lat' dir='ltr'>mmque</span> <span class='ocrx_word' id='word_1_104' title='bbox 647 2307 683 2370; x_wconf 90' lang='lat' dir='ltr'>in</span> <span class='ocrx_word' id='word_1_105' title='bbox 699 2313 826 2390; x_wconf 85' lang='lat' dir='ltr'>partem</span> 
     </span>
    </p>

    <p class='ocr_par' dir='ltr' id='par_1_8' title="bbox 310 2407 1891 2494">
     <span class='ocr_line' id='line_1_14' title="bbox 310 2407 1891 2494; baseline -0.003 -19"><span class='ocrx_word' id='word_1_106' title='bbox 310 2410 353 2474; x_wconf 73' lang='lat' dir='ltr'>el</span> <span class='ocrx_word' id='word_1_107' title='bbox 374 2409 460 2474; x_wconf 87' lang='lat' dir='ltr'>hanc</span> <span class='ocrx_word' id='word_1_108' title='bbox 476 2411 702 2494; x_wconf 76' lang='lat' dir='ltr'>perfectionem</span> <span class='ocrx_word' id='word_1_109' title='bbox 730 2431 794 2474; x_wconf 88' lang='lat' dir='ltr'>non</span> <span class='ocrx_word' id='word_1_110' title='bbox 817 2408 1071 2474; x_wconf 87' lang='lat' dir='ltr'>consenciamus.</span> <span class='ocrx_word' id='word_1_111' title='bbox 1116 2407 1159 2473; x_wconf 80' lang='lat' dir='ltr'>nt</span> <span class='ocrx_word' id='word_1_112' title='bbox 1180 2411 1209 2472; x_wconf 89' lang='lat' dir='ltr'>si</span> <span class='ocrx_word' id='word_1_113' title='bbox 1231 2409 1338 2472; x_wconf 82' lang='lat' dir='ltr'>munia</span> <span class='ocrx_word' id='word_1_114' title='bbox 1359 2407 1540 2489; x_wconf 86' lang='lat' dir='ltr'>relinquere</span> <span class='ocrx_word' id='word_1_115' title='bbox 1562 2428 1627 2471; x_wconf 87' lang='lat' dir='ltr'>non</span> <span class='ocrx_word' id='word_1_116' title='bbox 1642 2429 1822 2492; x_wconf 84' lang='lat' dir='ltr'>possumus,</span> <span class='ocrx_word' id='word_1_117' title='bbox 1845 2411 1891 2472; x_wconf 87' lang='lat' dir='ltr'>sic</span> 
     </span>
    </p>

    <p class='ocr_par' dir='ltr' id='par_1_9' title="bbox 275 2511 1228 2589">
     <span class='ocr_line' id='line_1_15' title="bbox 275 2511 1228 2589; baseline 0 -13"><span class='ocrx_word' id='word_1_118' title='bbox 275 2517 281 2528; x_wconf 92' lang='lat'>&#39;</span> <span class='ocrx_word' id='word_1_119' title='bbox 375 2513 418 2576; x_wconf 89' lang='lat' dir='ltr'>ad</span> <span class='ocrx_word' id='word_1_120' title='bbox 439 2533 536 2578; x_wconf 92' lang='lat' dir='ltr'>usum</span> <span class='ocrx_word' id='word_1_121' title='bbox 557 2521 679 2577; x_wconf 89' lang='lat' dir='ltr'>tantum</span> <span class='ocrx_word' id='word_1_122' title='bbox 701 2517 815 2578; x_wconf 88' lang='lat' dir='ltr'>nostra</span> <span class='ocrx_word' id='word_1_123' title='bbox 835 2515 1016 2589; x_wconf 68' lang='lat' dir='ltr'>teneamus</span> <span class='ocrx_word' id='word_1_124' title='bbox 1039 2519 1073 2576; x_wconf 93' lang='lat' dir='ltr'>ut</span> <span class='ocrx_word' id='word_1_125' title='bbox 1095 2511 1228 2576; x_wconf 88' lang='lat' dir='ltr'>dimisse</span> 
     </span>
    </p>

    <p class='ocr_par' dir='ltr' id='par_1_10' title="bbox 310 2614 1925 2705">
     <span class='ocr_line' id='line_1_16' title="bbox 310 2614 1925 2705; baseline 0.002 -25"><span class='ocrx_word' id='word_1_126' title='bbox 310 2617 352 2681; x_wconf 80' lang='lat' dir='ltr'>lib</span> <span class='ocrx_word' id='word_1_127' title='bbox 374 2615 524 2680; x_wconf 89' lang='lat' dir='ltr'>volumus</span> <span class='ocrx_word' id='word_1_128' title='bbox 545 2616 697 2680; x_wconf 90' lang='lat' dir='ltr'>nolumus</span> <span class='ocrx_word' id='word_1_129' title='bbox 719 2616 838 2680; x_wconf 83' lang='lat' dir='ltr'>fuerint</span> <span class='ocrx_word' id='word_1_130' title='bbox 859 2637 923 2680; x_wconf 90' lang='lat' dir='ltr'>non</span> <span class='ocrx_word' id='word_1_131' title='bbox 945 2615 988 2680; x_wconf 85' lang='lat' dir='ltr'>ad</span> <span class='ocrx_word' id='word_1_132' title='bbox 1011 2616 1168 2680; x_wconf 91' lang='lat' dir='ltr'>erendum</span> <span class='ocrx_word' id='word_1_133' title='bbox 1179 2614 1208 2660; x_wconf 84' lang='lat'>¹⁰</span> <span class='ocrx_word' id='word_1_134' title='bbox 1223 2623 1404 2705; x_wconf 82' lang='lat' dir='ltr'>nostrorum</span> <span class='ocrx_word' id='word_1_135' title='bbox 1416 2616 1592 2680; x_wconf 87' lang='lat' dir='ltr'>carnalium</span> <span class='ocrx_word' id='word_1_136' title='bbox 1604 2623 1696 2700; x_wconf 82' lang='lat' dir='ltr'>atque</span> <span class='ocrx_word' id='word_1_137' title='bbox 1706 2618 1889 2698; x_wconf 82' lang='lat' dir='ltr'>parentum,</span> <span class='ocrx_word' id='word_1_138' title='bbox 1902 2642 1925 2684; x_wconf 81' lang='lat' dir='ltr'>rs</span> 
     </span>
    </p>

    <p class='ocr_par' dir='ltr' id='par_1_11' title="bbox 374 2717 1000 2802">
     <span class='ocr_line' id='line_1_17' title="bbox 374 2717 1000 2802; baseline 0 -19"><span class='ocrx_word' id='word_1_139' title='bbox 374 2719 428 2783; x_wconf 88' lang='lat' dir='ltr'>sed</span> <span class='ocrx_word' id='word_1_140' title='bbox 450 2718 494 2783; x_wconf 88' lang='lat' dir='ltr'>ad</span> <span class='ocrx_word' id='word_1_141' title='bbox 516 2719 682 2802; x_wconf 87' lang='lat' dir='ltr'>ecclesiam,</span> <span class='ocrx_word' id='word_1_142' title='bbox 706 2721 756 2784; x_wconf 88' lang='lat' dir='ltr'>cui</span> <span class='ocrx_word' id='word_1_143' title='bbox 777 2717 845 2784; x_wconf 89' lang='lat' dir='ltr'>Deo</span> <span class='ocrx_word' id='word_1_144' title='bbox 868 2722 1000 2784; x_wconf 83' lang='lat' dir='ltr'>auctore</span> 
     </span>
    </p>
   </div>
   <div class='ocr_carea' id='block_1_3' title="bbox 311 2872 1925 5567">
    <p class='ocr_par' dir='ltr' id='par_1_12' title="bbox 444 2872 671 2956">
     <span class='ocr_line' id='line_1_18' title="bbox 444 2872 671 2956; baseline 0.004 -18"><span class='ocrx_word' id='word_1_145' title='bbox 444 2872 671 2956; x_wconf 75' lang='lat' dir='ltr'>L¹f0l.150:</span> 
     </span>
    </p>

    <p class='ocr_par' dir='ltr' id='par_1_13' title="bbox 334 2979 1891 3183">
     <span class='ocr_line' id='line_1_19' title="bbox 334 2979 1891 3079; baseline 0 -19"><span class='ocrx_word' id='word_1_146' title='bbox 334 2996 348 3060; x_wconf 91' lang='lat'>1</span> <span class='ocrx_word' id='word_1_147' title='bbox 375 2995 408 3059; x_wconf 92' lang='lat' dir='ltr'>in</span> <span class='ocrx_word' id='word_1_148' title='bbox 431 3014 603 3060; x_wconf 88' lang='lat' dir='ltr'>commune</span> <span class='ocrx_word' id='word_1_149' title='bbox 626 2994 835 3072; x_wconf 67' lang='lat' dir='ltr'>deservimus</span> <span class='ocrx_word' id='word_1_150' title='bbox 859 2995 996 3058; x_wconf 90' lang='lat' dir='ltr'>decuius</span> <span class='ocrx_word' id='word_1_151' title='bbox 1008 2993 1099 3058; x_wconf 90' lang='lat' dir='ltr'>rebus</span> <span class='ocrx_word' id='word_1_152' title='bbox 1114 2993 1341 3079; x_wconf 86' lang='lat' dir='ltr'>stipendium¹¹</span> <span class='ocrx_word' id='word_1_153' title='bbox 1354 2979 1509 3078; x_wconf 78' lang='lat' dir='ltr'>balanus,</span> <span class='ocrx_word' id='word_1_154' title='bbox 1527 2994 1599 3058; x_wconf 94' lang='lat' dir='ltr'>loco</span> <span class='ocrx_word' id='word_1_155' title='bbox 1611 2991 1640 3037; x_wconf 82' lang='lat'>¹²</span> <span class='ocrx_word' id='word_1_156' title='bbox 1656 2993 1891 3060; x_wconf 81' lang='lat' dir='ltr'>hereditarie¹3</span> 
     </span>
     <span class='ocr_line' id='line_1_20' title="bbox 375 3098 1599 3183; baseline -0.002 -20"><span class='ocrx_word' id='word_1_157' title='bbox 375 3099 599 3183; x_wconf 79' lang='lat' dir='ltr'>relinquamus,</span> <span class='ocrx_word' id='word_1_158' title='bbox 622 3106 666 3180; x_wconf 86' lang='lat' dir='ltr'>ul,</span> <span class='ocrx_word' id='word_1_159' title='bbox 688 3100 716 3162; x_wconf 92' lang='lat' dir='ltr'>si</span> <span class='ocrx_word' id='word_1_160' title='bbox 738 3119 807 3162; x_wconf 89' lang='lat' dir='ltr'>cum</span> <span class='ocrx_word' id='word_1_161' title='bbox 828 3099 894 3162; x_wconf 89' lang='lat' dir='ltr'>illis</span> <span class='ocrx_word' id='word_1_162' title='bbox 911 3098 1062 3182; x_wconf 83' lang='lat' dir='ltr'>perfectis</span> <span class='ocrx_word' id='word_1_163' title='bbox 1079 3119 1142 3182; x_wconf 84' lang='lat' dir='ltr'>pro</span> <span class='ocrx_word' id='word_1_164' title='bbox 1160 3098 1305 3182; x_wconf 83' lang='lat' dir='ltr'>perfecta</span> <span class='ocrx_word' id='word_1_165' title='bbox 1327 3098 1599 3162; x_wconf 78' lang='lat' dir='ltr'>abrenuntiatione</span> 
     </span>
    </p>

    <p class='ocr_par' dir='ltr' id='par_1_14' title="bbox 331 3199 1925 3473">
     <span class='ocr_line' id='line_1_21' title="bbox 331 3199 1925 3286; baseline 0.004 -20"><span class='ocrx_word' id='word_1_166' title='bbox 331 3201 570 3286; x_wconf 71' lang='lat' dir='ltr'>isacculiqnae</span> <span class='ocrx_word' id='word_1_167' title='bbox 596 3201 688 3266; x_wconf 89' lang='lat' dir='ltr'>buius</span> <span class='ocrx_word' id='word_1_168' title='bbox 711 3209 884 3285; x_wconf 87' lang='lat' dir='ltr'>contemptu</span> <span class='ocrx_word' id='word_1_169' title='bbox 907 3221 1023 3266; x_wconf 88' lang='lat' dir='ltr'>corona</span> <span class='ocrx_word' id='word_1_170' title='bbox 1036 3199 1063 3244; x_wconf 82' lang='grc'>11</span> <span class='ocrx_word' id='word_1_171' title='bbox 1093 3223 1157 3264; x_wconf 89' lang='lat' dir='ltr'>non</span> <span class='ocrx_word' id='word_1_172' title='bbox 1188 3201 1349 3284; x_wconf 85' lang='lat' dir='ltr'>tribuitur,</span> <span class='ocrx_word' id='word_1_173' title='bbox 1380 3202 1426 3266; x_wconf 88' lang='lat' dir='ltr'>ael</span> <span class='ocrx_word' id='word_1_174' title='bbox 1449 3209 1650 3286; x_wconf 83' lang='lat' dir='ltr'>peccatorum</span> <span class='ocrx_word' id='word_1_175' title='bbox 1677 3205 1784 3286; x_wconf 86' lang='lat' dir='ltr'>uenia,</span> <span class='ocrx_word' id='word_1_176' title='bbox 1812 3205 1891 3267; x_wconf 81' lang='lat' dir='ltr'>siccet</span> <span class='ocrx_word' id='word_1_177' title='bbox 1899 3229 1925 3272; x_wconf 86' lang='grc'>11</span> 
     </span>
     <span class='ocr_line' id='line_1_22' title="bbox 374 3304 1890 3389; baseline 0 -19"><span class='ocrx_word' id='word_1_178' title='bbox 374 3305 516 3370; x_wconf 88' lang='lat' dir='ltr'>minimis</span> <span class='ocrx_word' id='word_1_179' title='bbox 534 3305 753 3370; x_wconf 76' lang='lat' dir='ltr'>misericordia</span> <span class='ocrx_word' id='word_1_180' title='bbox 772 3305 881 3370; x_wconf 84' lang='lat' dir='ltr'>diuina</span> <span class='ocrx_word' id='word_1_181' title='bbox 900 3304 1097 3386; x_wconf 87' lang='lat' dir='ltr'>concedatur,</span> <span class='ocrx_word' id='word_1_182' title='bbox 1122 3307 1197 3389; x_wconf 83' lang='lat' dir='ltr'>quia</span> <span class='ocrx_word' id='word_1_183' title='bbox 1214 3311 1340 3369; x_wconf 87' lang='lat' dir='ltr'>sanctus</span> <span class='ocrx_word' id='word_1_184' title='bbox 1355 3305 1497 3388; x_wconf 85' lang='lat' dir='ltr'>Prosper</span> <span class='ocrx_word' id='word_1_185' title='bbox 1518 3307 1564 3370; x_wconf 89' lang='lat' dir='ltr'>ael</span> <span class='ocrx_word' id='word_1_186' title='bbox 1586 3305 1644 3368; x_wconf 90' lang='lat' dir='ltr'>alii</span> <span class='ocrx_word' id='word_1_187' title='bbox 1660 3308 1763 3370; x_wconf 89' lang='lat' dir='ltr'>sancti</span> <span class='ocrx_word' id='word_1_188' title='bbox 1781 3306 1890 3370; x_wconf 87' lang='lat' dir='ltr'>Patres</span> 
     </span>
     <span class='ocr_line' id='line_1_23' title="bbox 374 3408 543 3473; baseline -0.006 0"><span class='ocrx_word' id='word_1_189' title='bbox 374 3408 543 3473; x_wconf 88' lang='lat' dir='ltr'>secundum</span> 
     </span>
    </p>

    <p class='ocr_par' dir='ltr' id='par_1_15' title="bbox 333 3508 1890 3700">
     <span class='ocr_line' id='line_1_24' title="bbox 333 3508 1890 3598; baseline 0.001 -22"><span class='ocrx_word' id='word_1_190' title='bbox 333 3512 352 3576; x_wconf 88' lang='lat'><strong>3</strong></span> <span class='ocrx_word' id='word_1_191' title='bbox 375 3511 516 3576; x_wconf 86' lang='lat' dir='ltr'>divinam</span> <span class='ocrx_word' id='word_1_192' title='bbox 529 3508 558 3554; x_wconf 84' lang='lat'>¹⁵</span> <span class='ocrx_word' id='word_1_193' title='bbox 570 3513 786 3576; x_wconf 89' lang='lat' dir='ltr'>auctor-itatem</span> <span class='ocrx_word' id='word_1_194' title='bbox 798 3515 1004 3590; x_wconf 81' lang='lat' dir='ltr'>sancxerunl,</span> <span class='ocrx_word' id='word_1_195' title='bbox 1027 3518 1061 3576; x_wconf 90' lang='lat' dir='ltr'>ut</span> <span class='ocrx_word' id='word_1_196' title='bbox 1078 3512 1128 3575; x_wconf 89' lang='lat' dir='ltr'>illi</span> <span class='ocrx_word' id='word_1_197' title='bbox 1145 3512 1250 3576; x_wconf 89' lang='lat' dir='ltr'>clerici</span> <span class='ocrx_word' id='word_1_198' title='bbox 1267 3514 1321 3597; x_wconf 80' lang='lat' dir='ltr'>qui</span> <span class='ocrx_word' id='word_1_199' title='bbox 1335 3511 1373 3577; x_wconf 91' lang='lat' dir='ltr'>de</span> <span class='ocrx_word' id='word_1_200' title='bbox 1389 3511 1481 3576; x_wconf 89' lang='lat' dir='ltr'>rebus</span> <span class='ocrx_word' id='word_1_201' title='bbox 1498 3511 1617 3576; x_wconf 82' lang='lat' dir='ltr'>ecclesie</span> <span class='ocrx_word' id='word_1_202' title='bbox 1635 3514 1735 3578; x_wconf 85' lang='lat' dir='ltr'>eicere</span> <span class='ocrx_word' id='word_1_203' title='bbox 1751 3514 1890 3598; x_wconf 82' lang='lat' dir='ltr'>cupiunt,</span> 
     </span>
     <span class='ocr_line' id='line_1_25' title="bbox 375 3613 1326 3700; baseline 0.001 -22"><span class='ocrx_word' id='word_1_204' title='bbox 375 3636 425 3678; x_wconf 89' lang='lat' dir='ltr'>res</span> <span class='ocrx_word' id='word_1_205' title='bbox 445 3617 598 3698; x_wconf 79' lang='lat' dir='ltr'>proprias</span> <span class='ocrx_word' id='word_1_206' title='bbox 621 3635 699 3700; x_wconf 78' lang='lat' dir='ltr'>quaa</span> <span class='ocrx_word' id='word_1_207' title='bbox 720 3613 833 3679; x_wconf 82' lang='lat' dir='ltr'>babent</span> <span class='ocrx_word' id='word_1_208' title='bbox 848 3637 910 3700; x_wconf 84' lang='lat' dir='ltr'>per</span> <span class='ocrx_word' id='word_1_209' title='bbox 931 3618 1141 3680; x_wconf 82' lang='lat' dir='ltr'>instrumenta</span> <span class='ocrx_word' id='word_1_210' title='bbox 1163 3618 1326 3679; x_wconf 84' lang='lat' dir='ltr'>ceriarum</span> 
     </span>
    </p>

    <p class='ocr_par' dir='ltr' id='par_1_16' title="bbox 330 3718 1924 3907">
     <span class='ocr_line' id='line_1_26' title="bbox 330 3718 1924 3805; baseline 0.002 -21"><span class='ocrx_word' id='word_1_211' title='bbox 330 3719 445 3784; x_wconf 74' lang='lat' dir='ltr'>bDea</span> <span class='ocrx_word' id='word_1_212' title='bbox 480 3724 507 3781; x_wconf 86' lang='lat' dir='ltr'>et</span> <span class='ocrx_word' id='word_1_213' title='bbox 540 3718 665 3782; x_wconf 77' lang='lat' dir='ltr'>molesia</span> <span class='ocrx_word' id='word_1_214' title='bbox 697 3720 748 3782; x_wconf 87' lang='lat' dir='ltr'>cui</span> <span class='ocrx_word' id='word_1_215' title='bbox 781 3719 957 3784; x_wconf 79' lang='lat' dir='ltr'>deseraiunt</span> <span class='ocrx_word' id='word_1_216' title='bbox 991 3719 1165 3783; x_wconf 87' lang='lat' dir='ltr'>condonent</span> <span class='ocrx_word' id='word_1_217' title='bbox 1198 3727 1225 3782; x_wconf 91' lang='lat' dir='ltr'>et</span> <span class='ocrx_word' id='word_1_218' title='bbox 1257 3721 1302 3782; x_wconf 88' lang='lat' dir='ltr'>sic</span> <span class='ocrx_word' id='word_1_219' title='bbox 1331 3718 1423 3783; x_wconf 89' lang='lat' dir='ltr'>rebus</span> <span class='ocrx_word' id='word_1_220' title='bbox 1453 3719 1573 3784; x_wconf 85' lang='lat' dir='ltr'>ecclesie</span> <span class='ocrx_word' id='word_1_221' title='bbox 1602 3720 1747 3784; x_wconf 86' lang='lat' dir='ltr'>liceaeius</span> <span class='ocrx_word' id='word_1_222' title='bbox 1777 3720 1924 3805; x_wconf 81' lang='lat' dir='ltr'>absquees</span> 
     </span>
     <span class='ocr_line' id='line_1_27' title="bbox 374 3819 1531 3907; baseline 0.001 -21"><span class='ocrx_word' id='word_1_223' title='bbox 374 3822 518 3886; x_wconf 84' lang='lat' dir='ltr'>maxima</span> <span class='ocrx_word' id='word_1_224' title='bbox 541 3822 636 3907; x_wconf 80' lang='lat' dir='ltr'>quipe</span> <span class='ocrx_word' id='word_1_225' title='bbox 658 3819 840 3900; x_wconf 69' lang='lat' dir='ltr'>utanturffi,</span> <span class='ocrx_word' id='word_1_226' title='bbox 862 3829 906 3905; x_wconf 89' lang='lat' dir='ltr'>ut,</span> <span class='ocrx_word' id='word_1_227' title='bbox 929 3824 1008 3886; x_wconf 89' lang='lat' dir='ltr'>sicat</span> <span class='ocrx_word' id='word_1_228' title='bbox 1030 3821 1177 3886; x_wconf 86' lang='lat' dir='ltr'>derebus</span> <span class='ocrx_word' id='word_1_229' title='bbox 1199 3823 1320 3886; x_wconf 87' lang='lat' dir='ltr'>ecclesie</span> <span class='ocrx_word' id='word_1_230' title='bbox 1341 3824 1405 3906; x_wconf 83' lang='lat' dir='ltr'>ipsi</span> <span class='ocrx_word' id='word_1_231' title='bbox 1426 3823 1531 3888; x_wconf 87' lang='lat' dir='ltr'>clerici</span> 
     </span>
    </p>

    <p class='ocr_par' dir='ltr' id='par_1_17' title="bbox 331 3925 1889 4116">
     <span class='ocr_line' id='line_1_28' title="bbox 331 3925 1889 4011; baseline 0 -21"><span class='ocrx_word' id='word_1_232' title='bbox 331 3927 352 3990; x_wconf 85' lang='lat'>5</span> <span class='ocrx_word' id='word_1_233' title='bbox 372 3926 521 4011; x_wconf 79' lang='lat' dir='ltr'>pandent,</span> <span class='ocrx_word' id='word_1_234' title='bbox 543 3927 589 3990; x_wconf 86' lang='lat' dir='ltr'>ila</span> <span class='ocrx_word' id='word_1_235' title='bbox 611 3932 639 3989; x_wconf 86' lang='lat' dir='ltr'>ei</span> <span class='ocrx_word' id='word_1_236' title='bbox 661 3925 787 3990; x_wconf 66' lang='lat' dir='ltr'>ecclam</span> <span class='ocrx_word' id='word_1_237' title='bbox 809 3925 846 3990; x_wconf 91' lang='lat' dir='ltr'>de</span> <span class='ocrx_word' id='word_1_238' title='bbox 868 3926 958 3990; x_wconf 86' lang='lat' dir='ltr'>rebus</span> <span class='ocrx_word' id='word_1_239' title='bbox 976 3928 1118 4010; x_wconf 76' lang='lat' dir='ltr'>ipsorum</span> <span class='ocrx_word' id='word_1_240' title='bbox 1141 3926 1326 3990; x_wconf 71' lang='lat' dir='ltr'>clemcorum</span> <span class='ocrx_word' id='word_1_241' title='bbox 1348 3947 1417 3990; x_wconf 81' lang='lat' dir='ltr'>crem</span> <span class='ocrx_word' id='word_1_242' title='bbox 1433 3926 1629 4010; x_wconf 85' lang='lat' dir='ltr'>pauperibus</span> <span class='ocrx_word' id='word_1_243' title='bbox 1651 3927 1716 3990; x_wconf 89' lang='lat' dir='ltr'>suis</span> <span class='ocrx_word' id='word_1_244' title='bbox 1732 3927 1772 3990; x_wconf 85' lang='lat' dir='ltr'>sii</span> <span class='ocrx_word' id='word_1_245' title='bbox 1784 3925 1851 3990; x_wconf 84' lang='lat' dir='ltr'>alla</span> <span class='ocrx_word' id='word_1_246' title='bbox 1862 3925 1889 3970; x_wconf 86' lang='lat'>¹⁷</span> 
     </span>
     <span class='ocr_line' id='line_1_29' title="bbox 374 4029 1513 4116; baseline 0.002 -24"><span class='ocrx_word' id='word_1_247' title='bbox 374 4037 465 4116; x_wconf 80' lang='lat' dir='ltr'>atquc</span> <span class='ocrx_word' id='word_1_248' title='bbox 486 4030 652 4094; x_wconf 85' lang='lat' dir='ltr'>meliorata</span> <span class='ocrx_word' id='word_1_249' title='bbox 673 4029 867 4111; x_wconf 79' lang='lat' dir='ltr'>gratuletur3</span> <span class='ocrx_word' id='word_1_250' title='bbox 890 4031 937 4094; x_wconf 90' lang='lat' dir='ltr'>ita</span> <span class='ocrx_word' id='word_1_251' title='bbox 958 4037 1061 4094; x_wconf 85' lang='lat' dir='ltr'>tamen</span> <span class='ocrx_word' id='word_1_252' title='bbox 1083 4037 1117 4094; x_wconf 88' lang='lat' dir='ltr'>at</span> <span class='ocrx_word' id='word_1_253' title='bbox 1138 4031 1202 4114; x_wconf 83' lang='lat' dir='ltr'>e&#39;psi</span> <span class='ocrx_word' id='word_1_254' title='bbox 1224 4031 1337 4115; x_wconf 79' lang='lat' dir='ltr'>elerid,</span> <span class='ocrx_word' id='word_1_255' title='bbox 1360 4030 1435 4094; x_wconf 88' lang='lat' dir='ltr'>dam</span> <span class='ocrx_word' id='word_1_256' title='bbox 1458 4030 1513 4094; x_wconf 86' lang='lat' dir='ltr'>ad-</span> 
     </span>
    </p>

    <p class='ocr_par' dir='ltr' id='par_1_18' title="bbox 332 4133 1924 4321">
     <span class='ocr_line' id='line_1_30' title="bbox 332 4133 1889 4218; baseline 0 -20"><span class='ocrx_word' id='word_1_257' title='bbox 332 4133 496 4211; x_wconf 85' lang='lat' dir='ltr'>bvivenl,</span> <span class='ocrx_word' id='word_1_258' title='bbox 526 4135 555 4196; x_wconf 89' lang='lat' dir='ltr'>si</span> <span class='ocrx_word' id='word_1_259' title='bbox 590 4135 636 4198; x_wconf 88' lang='lat' dir='ltr'>iia</span> <span class='ocrx_word' id='word_1_260' title='bbox 660 4133 832 4218; x_wconf 78' lang='lat' dir='ltr'>placuerit,</span> <span class='ocrx_word' id='word_1_261' title='bbox 868 4154 917 4198; x_wconf 88' lang='lat' dir='ltr'>res</span> <span class='ocrx_word' id='word_1_262' title='bbox 946 4155 1021 4198; x_wconf 86' lang='lat' dir='ltr'>suas</span> <span class='ocrx_word' id='word_1_263' title='bbox 1053 4133 1294 4217; x_wconf 82' lang='lat' dir='ltr'>resufructuario</span> <span class='ocrx_word' id='word_1_264' title='bbox 1328 4134 1439 4198; x_wconf 87' lang='lat' dir='ltr'>ordine</span> <span class='ocrx_word' id='word_1_265' title='bbox 1462 4154 1524 4218; x_wconf 85' lang='lat' dir='ltr'>per</span> <span class='ocrx_word' id='word_1_266' title='bbox 1556 4133 1734 4216; x_wconf 84' lang='lat' dir='ltr'>beneficium</span> <span class='ocrx_word' id='word_1_267' title='bbox 1769 4133 1889 4198; x_wconf 86' lang='lat' dir='ltr'>ecclesie</span> 
     </span>
     <span class='ocr_line' id='line_1_31' title="bbox 373 4233 1924 4321; baseline 0.001 -21"><span class='ocrx_word' id='word_1_268' title='bbox 373 4237 516 4320; x_wconf 85' lang='lat' dir='ltr'>babeant,</span> <span class='ocrx_word' id='word_1_269' title='bbox 538 4245 573 4300; x_wconf 92' lang='lat' dir='ltr'>ut</span> <span class='ocrx_word' id='word_1_270' title='bbox 596 4238 702 4301; x_wconf 89' lang='lat' dir='ltr'>amnia</span> <span class='ocrx_word' id='word_1_271' title='bbox 723 4238 764 4300; x_wconf 89' lang='lat' dir='ltr'>sit</span> <span class='ocrx_word' id='word_1_272' title='bbox 777 4233 806 4280; x_wconf 79' lang='lat'>¹⁸</span> <span class='ocrx_word' id='word_1_273' title='bbox 828 4241 1004 4302; x_wconf 82' lang='lat' dir='ltr'>coruneunia</span> <span class='ocrx_word' id='word_1_274' title='bbox 1026 4243 1054 4302; x_wconf 92' lang='lat' dir='ltr'>et</span> <span class='ocrx_word' id='word_1_275' title='bbox 1070 4244 1144 4321; x_wconf 87' lang='lat' dir='ltr'>post</span> <span class='ocrx_word' id='word_1_276' title='bbox 1166 4238 1282 4302; x_wconf 89' lang='lat' dir='ltr'>obitum</span> <span class='ocrx_word' id='word_1_277' title='bbox 1305 4259 1412 4302; x_wconf 87' lang='lat' dir='ltr'>eorum</span> <span class='ocrx_word' id='word_1_278' title='bbox 1434 4237 1477 4301; x_wconf 91' lang='lat' dir='ltr'>ad</span> <span class='ocrx_word' id='word_1_279' title='bbox 1898 4266 1924 4308; x_wconf 72' lang='lat'>30</span> 
     </span>
    </p>

    <p class='ocr_par' dir='ltr' id='par_1_19' title="bbox 332 4339 1902 4530">
     <span class='ocr_line' id='line_1_32' title="bbox 332 4339 1902 4424; baseline 0 -20"><span class='ocrx_word' id='word_1_280' title='bbox 332 4339 350 4404; x_wconf 84' lang='grc'><strong>7</strong></span> <span class='ocrx_word' id='word_1_281' title='bbox 375 4339 532 4406; x_wconf 89' lang='lat' dir='ltr'>ecclesiam</span> <span class='ocrx_word' id='word_1_282' title='bbox 551 4341 597 4404; x_wconf 87' lang='lat' dir='ltr'>ael</span> <span class='ocrx_word' id='word_1_283' title='bbox 623 4339 667 4404; x_wconf 88' lang='lat' dir='ltr'>ad</span> <span class='ocrx_word' id='word_1_284' title='bbox 684 4340 875 4406; x_wconf 88' lang='lat' dir='ltr'>canonicum</span> <span class='ocrx_word' id='word_1_285' title='bbox 898 4342 1050 4424; x_wconf 83' lang='lat' dir='ltr'>ordinern,</span> <span class='ocrx_word' id='word_1_286' title='bbox 1073 4343 1123 4406; x_wconf 89' lang='lat' dir='ltr'>eui</span> <span class='ocrx_word' id='word_1_287' title='bbox 1146 4349 1217 4406; x_wconf 88' lang='lat' dir='ltr'>oute</span> <span class='ocrx_word' id='word_1_288' title='bbox 1244 4342 1316 4406; x_wconf 88' lang='lat' dir='ltr'>daie</span> <span class='ocrx_word' id='word_1_289' title='bbox 1337 4341 1483 4424; x_wconf 82' lang='lat' dir='ltr'>fueraul,</span> <span class='ocrx_word' id='word_1_290' title='bbox 1509 4347 1725 4422; x_wconf 86' lang='lat' dir='ltr'>revertantur,·</span> <span class='ocrx_word' id='word_1_291' title='bbox 1746 4340 1902 4404; x_wconf 83' lang='lat' dir='ltr'>similiter</span> 
     </span>
     <span class='ocr_line' id='line_1_33' title="bbox 373 4442 1739 4530; baseline -0.001 -22"><span class='ocrx_word' id='word_1_292' title='bbox 373 4443 557 4528; x_wconf 87' lang='lat' dir='ltr'>iudicantes,</span> <span class='ocrx_word' id='word_1_293' title='bbox 580 4451 614 4508; x_wconf 92' lang='lat' dir='ltr'>ut</span> <span class='ocrx_word' id='word_1_294' title='bbox 637 4451 664 4508; x_wconf 90' lang='lat' dir='ltr'>et</span> <span class='ocrx_word' id='word_1_295' title='bbox 685 4443 736 4508; x_wconf 89' lang='lat' dir='ltr'>illi</span> <span class='ocrx_word' id='word_1_296' title='bbox 757 4443 870 4527; x_wconf 87' lang='lat' dir='ltr'>elerici,</span> <span class='ocrx_word' id='word_1_297' title='bbox 894 4447 947 4530; x_wconf 84' lang='lat' dir='ltr'>qui</span> <span class='ocrx_word' id='word_1_298' title='bbox 969 4446 1007 4509; x_wconf 92' lang='lat' dir='ltr'>de</span> <span class='ocrx_word' id='word_1_299' title='bbox 1028 4445 1235 4528; x_wconf 85' lang='lat' dir='ltr'>facultalibus</span> <span class='ocrx_word' id='word_1_300' title='bbox 1256 4449 1322 4510; x_wconf 90' lang='lat' dir='ltr'>suis</span> <span class='ocrx_word' id='word_1_301' title='bbox 1344 4446 1566 4530; x_wconf 77' lang='lat' dir='ltr'>sufficientiam</span> <span class='ocrx_word' id='word_1_302' title='bbox 1577 4442 1606 4488; x_wconf 85' lang='lat'>¹⁹</span> <span class='ocrx_word' id='word_1_303' title='bbox 1628 4443 1739 4507; x_wconf 84' lang='lat' dir='ltr'>babent</span> 
     </span>
    </p>

    <p class='ocr_par' dir='ltr' id='par_1_20' title="bbox 331 4547 1890 4738">
     <span class='ocr_line' id='line_1_34' title="bbox 331 4547 1890 4634; baseline -0.001 -22"><span class='ocrx_word' id='word_1_304' title='bbox 331 4550 351 4613; x_wconf 89' lang='lat'>8</span> <span class='ocrx_word' id='word_1_305' title='bbox 374 4547 412 4612; x_wconf 82' lang='lat' dir='ltr'>cle</span> <span class='ocrx_word' id='word_1_306' title='bbox 422 4551 500 4632; x_wconf 85' lang='lat' dir='ltr'>ipsis</span> <span class='ocrx_word' id='word_1_307' title='bbox 511 4548 603 4613; x_wconf 88' lang='lat' dir='ltr'>rebus</span> <span class='ocrx_word' id='word_1_308' title='bbox 613 4549 760 4632; x_wconf 82' lang='lat' dir='ltr'>propriis</span> <span class='ocrx_word' id='word_1_309' title='bbox 776 4549 876 4612; x_wconf 75' lang='lat' dir='ltr'>maere</span> <span class='ocrx_word' id='word_1_310' title='bbox 893 4548 1001 4622; x_wconf 85' lang='lat' dir='ltr'>debent</span> <span class='ocrx_word' id='word_1_311' title='bbox 1006 4572 1020 4631; x_wconf 90' lang='lat'>,·</span> <span class='ocrx_word' id='word_1_312' title='bbox 1030 4551 1059 4612; x_wconf 89' lang='lat' dir='ltr'>si</span> <span class='ocrx_word' id='word_1_313' title='bbox 1072 4555 1136 4612; x_wconf 81' lang='lat' dir='ltr'>lani</span> <span class='ocrx_word' id='word_1_314' title='bbox 1145 4547 1177 4593; x_wconf 86' lang='lat'>²⁰</span> <span class='ocrx_word' id='word_1_315' title='bbox 1193 4549 1315 4634; x_wconf 81' lang='lat' dir='ltr'>infirmi</span> <span class='ocrx_word' id='word_1_316' title='bbox 1329 4549 1460 4634; x_wconf 79' lang='lat' dir='ltr'>fuerint,</span> <span class='ocrx_word' id='word_1_317' title='bbox 1478 4557 1512 4612; x_wconf 85' lang='lat' dir='ltr'>ut</span> <span class='ocrx_word' id='word_1_318' title='bbox 1529 4547 1670 4613; x_wconf 88' lang='lat' dir='ltr'>omnibus</span> <span class='ocrx_word' id='word_1_319' title='bbox 1682 4547 1725 4610; x_wconf 89' lang='lat' dir='ltr'>ad</span> <span class='ocrx_word' id='word_1_320' title='bbox 1735 4548 1890 4632; x_wconf 77' lang='lat' dir='ltr'>inteprum</span> 
     </span>
     <span class='ocr_line' id='line_1_35' title="bbox 374 4651 1400 4738; baseline 0.003 -23"><span class='ocrx_word' id='word_1_321' title='bbox 374 4652 494 4716; x_wconf 86' lang='lat' dir='ltr'>ecclesie</span> <span class='ocrx_word' id='word_1_322' title='bbox 516 4651 587 4734; x_wconf 87' lang='lat' dir='ltr'>Dei,</span> <span class='ocrx_word' id='word_1_323' title='bbox 610 4653 662 4715; x_wconf 90' lang='lat' dir='ltr'>eui</span> <span class='ocrx_word' id='word_1_324' title='bbox 684 4651 869 4735; x_wconf 83' lang='lat' dir='ltr'>deserviunt,</span> <span class='ocrx_word' id='word_1_325' title='bbox 893 4651 971 4716; x_wconf 89' lang='lat' dir='ltr'>dare</span> <span class='ocrx_word' id='word_1_326' title='bbox 993 4651 1161 4735; x_wconf 89' lang='lat' dir='ltr'>noluerint,</span> <span class='ocrx_word' id='word_1_327' title='bbox 1184 4660 1213 4716; x_wconf 87' lang='lat' dir='ltr'>el</span> <span class='ocrx_word' id='word_1_328' title='bbox 1233 4655 1279 4717; x_wconf 89' lang='lat' dir='ltr'>sic</span> <span class='ocrx_word' id='word_1_329' title='bbox 1299 4655 1400 4738; x_wconf 69' lang='lat' dir='ltr'>ipsius</span> 
     </span>
    </p>

    <p class='ocr_par' dir='ltr' id='par_1_21' title="bbox 331 4753 1924 4944">
     <span class='ocr_line' id='line_1_36' title="bbox 331 4753 1924 4839; baseline -0.001 -19"><span class='ocrx_word' id='word_1_330' title='bbox 331 4757 351 4820; x_wconf 82' lang='lat'>9</span> <span class='ocrx_word' id='word_1_331' title='bbox 374 4756 494 4821; x_wconf 88' lang='lat' dir='ltr'>ecclesie</span> <span class='ocrx_word' id='word_1_332' title='bbox 523 4759 557 4820; x_wconf 92' lang='lat' dir='ltr'>in</span> <span class='ocrx_word' id='word_1_333' title='bbox 587 4776 694 4820; x_wconf 90' lang='lat' dir='ltr'>amore</span> <span class='ocrx_word' id='word_1_334' title='bbox 718 4753 836 4818; x_wconf 77' lang='lat' dir='ltr'>Christi</span> <span class='ocrx_word' id='word_1_335' title='bbox 857 4755 997 4836; x_wconf 78' lang='lat' dir='ltr'>gratuita</span> <span class='ocrx_word' id='word_1_336' title='bbox 1023 4757 1167 4820; x_wconf 77' lang='lat' dir='ltr'>seruitute</span> <span class='ocrx_word' id='word_1_337' title='bbox 1189 4756 1366 4839; x_wconf 87' lang='lat' dir='ltr'>sedulaque</span> <span class='ocrx_word' id='word_1_338' title='bbox 1389 4755 1614 4821; x_wconf 88' lang='lat' dir='ltr'>modolacione</span> <span class='ocrx_word' id='word_1_339' title='bbox 1637 4754 1833 4837; x_wconf 81' lang='lat' dir='ltr'>inpendent;</span> <span class='ocrx_word' id='word_1_340' title='bbox 1863 4762 1924 4826; x_wconf 64' lang='lat' dir='ltr'>etas</span> 
     </span>
     <span class='ocr_line' id='line_1_37' title="bbox 373 4859 755 4944; baseline -0.003 -21"><span class='ocrx_word' id='word_1_341' title='bbox 373 4861 475 4924; x_wconf 86' lang='lat' dir='ltr'>seiani</span> <span class='ocrx_word' id='word_1_342' title='bbox 497 4880 528 4922; x_wconf 91' lang='lat' dir='ltr'>se</span> <span class='ocrx_word' id='word_1_343' title='bbox 544 4881 608 4944; x_wconf 88' lang='lat' dir='ltr'>pro</span> <span class='ocrx_word' id='word_1_344' title='bbox 631 4859 689 4923; x_wconf 85' lang='lat' dir='ltr'>bac</span> <span class='ocrx_word' id='word_1_345' title='bbox 711 4879 755 4941; x_wconf 89' lang='lat' dir='ltr'>re,</span> 
     </span>
    </p>

    <p class='ocr_par' dir='ltr' id='par_1_22' title="bbox 311 4962 1889 5152">
     <span class='ocr_line' id='line_1_38' title="bbox 311 4962 1889 5048; baseline 0 -22"><span class='ocrx_word' id='word_1_346' title='bbox 311 4963 449 5048; x_wconf 76' lang='lat' dir='ltr'>laquea</span> <span class='ocrx_word' id='word_1_347' title='bbox 478 4962 569 5027; x_wconf 78' lang='lat' dir='ltr'>rebels</span> <span class='ocrx_word' id='word_1_348' title='bbox 591 4963 712 5028; x_wconf 83' lang='lat' dir='ltr'>ecclesie</span> <span class='ocrx_word' id='word_1_349' title='bbox 739 4964 819 5026; x_wconf 81' lang='lat' dir='ltr'>siccet</span> <span class='ocrx_word' id='word_1_350' title='bbox 849 4965 940 5027; x_wconf 87' lang='lat' dir='ltr'>celeri</span> <span class='ocrx_word' id='word_1_351' title='bbox 969 4964 1114 5028; x_wconf 89' lang='lat' dir='ltr'>canonici</span> <span class='ocrx_word' id='word_1_352' title='bbox 1142 4985 1207 5028; x_wconf 90' lang='lat' dir='ltr'>non</span> <span class='ocrx_word' id='word_1_353' title='bbox 1229 4967 1373 5040; x_wconf 78' lang='lat' dir='ltr'>utuntur,</span> <span class='ocrx_word' id='word_1_354' title='bbox 1396 4962 1571 5045; x_wconf 85' lang='lat' dir='ltr'>specialem</span> <span class='ocrx_word' id='word_1_355' title='bbox 1597 4963 1889 5027; x_wconf 80' lang='lat' dir='ltr'>misericordiane</span> 
     </span>
     <span class='ocr_line' id='line_1_39' title="bbox 373 5066 1270 5152; baseline 0 -20"><span class='ocrx_word' id='word_1_356' title='bbox 373 5067 441 5132; x_wconf 88' lang='lat' dir='ltr'>Dea</span> <span class='ocrx_word' id='word_1_357' title='bbox 464 5075 653 5152; x_wconf 86' lang='lat' dir='ltr'>recepturus,</span> <span class='ocrx_word' id='word_1_358' title='bbox 676 5069 726 5130; x_wconf 91' lang='lat' dir='ltr'>cui</span> <span class='ocrx_word' id='word_1_359' title='bbox 749 5066 786 5130; x_wconf 90' lang='lat' dir='ltr'>de</span> <span class='ocrx_word' id='word_1_360' title='bbox 804 5068 948 5150; x_wconf 83' lang='lat' dir='ltr'>propriis</span> <span class='ocrx_word' id='word_1_361' title='bbox 970 5066 1060 5131; x_wconf 90' lang='lat' dir='ltr'>rebus</span> <span class='ocrx_word' id='word_1_362' title='bbox 1082 5067 1270 5145; x_wconf 78' lang='lat' dir='ltr'>inserviunt,</span> 
     </span>
    </p>

    <p class='ocr_par' dir='ltr' id='par_1_23' title="bbox 311 5164 1923 5360">
     <span class='ocr_line' id='line_1_40' title="bbox 311 5164 1888 5256; baseline 0.001 -22"><span class='ocrx_word' id='word_1_363' title='bbox 311 5171 346 5234; x_wconf 90' lang='lat'>11</span> <span class='ocrx_word' id='word_1_364' title='bbox 374 5173 457 5255; x_wconf 80' lang='lat' dir='ltr'>quia,</span> <span class='ocrx_word' id='word_1_365' title='bbox 480 5173 509 5235; x_wconf 90' lang='lat' dir='ltr'>si</span> <span class='ocrx_word' id='word_1_366' title='bbox 531 5191 568 5236; x_wconf 90' lang='lat' dir='ltr'>ea</span> <span class='ocrx_word' id='word_1_367' title='bbox 590 5192 669 5256; x_wconf 78' lang='lat' dir='ltr'>quae</span> <span class='ocrx_word' id='word_1_368' title='bbox 691 5173 849 5255; x_wconf 81' lang='lat' dir='ltr'>accepturi</span> <span class='ocrx_word' id='word_1_369' title='bbox 870 5177 961 5234; x_wconf 78' lang='lat' dir='ltr'>mant</span> <span class='ocrx_word' id='word_1_370' title='bbox 977 5192 1041 5255; x_wconf 85' lang='lat' dir='ltr'>pro</span> <span class='ocrx_word' id='word_1_371' title='bbox 1065 5191 1172 5236; x_wconf 89' lang='lat' dir='ltr'>eorum</span> <span class='ocrx_word' id='word_1_372' title='bbox 1200 5171 1365 5236; x_wconf 85' lang='lat' dir='ltr'>ordinibus</span> <span class='ocrx_word' id='word_1_373' title='bbox 1392 5171 1429 5234; x_wconf 89' lang='lat' dir='ltr'>de</span> <span class='ocrx_word' id='word_1_374' title='bbox 1457 5164 1646 5256; x_wconf 78' lang='lat' dir='ltr'>eleemosyna</span> <span class='ocrx_word' id='word_1_375' title='bbox 1674 5170 1888 5256; x_wconf 86' lang='lat' dir='ltr'>dispensatore</span> 
     </span>
     <span class='ocr_line' id='line_1_41' title="bbox 373 5271 1923 5360; baseline 0.001 -22"><span class='ocrx_word' id='word_1_376' title='bbox 373 5271 596 5360; x_wconf 78' lang='lat' dir='ltr'>reliquerint²¹</span> <span class='ocrx_word' id='word_1_377' title='bbox 619 5274 699 5338; x_wconf 89' lang='lat' dir='ltr'>nibil</span> <span class='ocrx_word' id='word_1_378' title='bbox 720 5274 901 5339; x_wconf 79' lang='lat' dir='ltr'>labentibus</span> <span class='ocrx_word' id='word_1_379' title='bbox 923 5273 1130 5353; x_wconf 89' lang='lat' dir='ltr'>conferenda,</span> <span class='ocrx_word' id='word_1_380' title='bbox 1152 5277 1220 5338; x_wconf 88' lang='lat' dir='ltr'>sine</span> <span class='ocrx_word' id='word_1_381' title='bbox 1236 5283 1363 5358; x_wconf 85' lang='lat' dir='ltr'>peccato</span> <span class='ocrx_word' id='word_1_382' title='bbox 1381 5276 1544 5358; x_wconf 84' lang='lat' dir='ltr'>possident</span> <span class='ocrx_word' id='word_1_383' title='bbox 1566 5296 1634 5357; x_wconf 90' lang='lat' dir='ltr'>sua,</span> <span class='ocrx_word' id='word_1_384' title='bbox 1897 5306 1923 5349; x_wconf 85' lang='lat' dir='ltr'>n</span> 
     </span>
    </p>

    <p class='ocr_par' dir='ltr' id='par_1_24' title="bbox 311 5375 1890 5567">
     <span class='ocr_line' id='line_1_42' title="bbox 311 5375 1889 5464; baseline 0.001 -24"><span class='ocrx_word' id='word_1_385' title='bbox 311 5377 349 5441; x_wconf 76' lang='lat' dir='ltr'>le</span> <span class='ocrx_word' id='word_1_386' title='bbox 373 5379 448 5463; x_wconf 81' lang='lat' dir='ltr'>quia</span> <span class='ocrx_word' id='word_1_387' title='bbox 471 5385 498 5443; x_wconf 85' lang='lat' dir='ltr'>el</span> <span class='ocrx_word' id='word_1_388' title='bbox 519 5380 583 5464; x_wconf 86' lang='lat' dir='ltr'>ipsi</span> <span class='ocrx_word' id='word_1_389' title='bbox 605 5378 743 5464; x_wconf 82' lang='lat' dir='ltr'>quadam</span> <span class='ocrx_word' id='word_1_390' title='bbox 764 5379 856 5443; x_wconf 91' lang='lat' dir='ltr'>modo</span> <span class='ocrx_word' id='word_1_391' title='bbox 882 5375 1064 5463; x_wconf 84' lang='lat' dir='ltr'>relinquunt</span> <span class='ocrx_word' id='word_1_392' title='bbox 1082 5399 1151 5460; x_wconf 79' lang='lat' dir='ltr'>seca,</span> <span class='ocrx_word' id='word_1_393' title='bbox 1170 5378 1296 5463; x_wconf 82' lang='lat' dir='ltr'>quaudo</span> <span class='ocrx_word' id='word_1_394' title='bbox 1310 5381 1454 5462; x_wconf 83' lang='lat' dir='ltr'>propriis</span> <span class='ocrx_word' id='word_1_395' title='bbox 1473 5381 1606 5443; x_wconf 90' lang='lat' dir='ltr'>conteuti</span> <span class='ocrx_word' id='word_1_396' title='bbox 1624 5378 1713 5443; x_wconf 87' lang='lat' dir='ltr'>rebus</span> <span class='ocrx_word' id='word_1_397' title='bbox 1730 5379 1889 5464; x_wconf 81' lang='lat' dir='ltr'>nibilqaae</span> 
     </span>
     <span class='ocr_line' id='line_1_43' title="bbox 372 5481 1890 5567; baseline 0.001 -22"><span class='ocrx_word' id='word_1_398' title='bbox 372 5502 403 5546; x_wconf 90' lang='lat' dir='ltr'>se</span> <span class='ocrx_word' id='word_1_399' title='bbox 424 5483 494 5546; x_wconf 86' lang='lat' dir='ltr'>iure</span> <span class='ocrx_word' id='word_1_400' title='bbox 516 5481 623 5548; x_wconf 87' lang='lat' dir='ltr'>debere</span> <span class='ocrx_word' id='word_1_401' title='bbox 646 5482 846 5547; x_wconf 85' lang='lat' dir='ltr'>arbitrantur</span> <span class='ocrx_word' id='word_1_402' title='bbox 868 5484 973 5566; x_wconf 78' lang='lat' dir='ltr'>recipi.</span> <span class='ocrx_word' id='word_1_403' title='bbox 1022 5482 1113 5562; x_wconf 80' lang='lat' dir='ltr'>Quod</span> <span class='ocrx_word' id='word_1_404' title='bbox 1139 5484 1167 5545; x_wconf 87' lang='lat' dir='ltr'>si</span> <span class='ocrx_word' id='word_1_405' title='bbox 1191 5490 1310 5565; x_wconf 84' lang='lat' dir='ltr'>putant</span> <span class='ocrx_word' id='word_1_406' title='bbox 1330 5482 1400 5546; x_wconf 91' lang='lat' dir='ltr'>ideo</span> <span class='ocrx_word' id='word_1_407' title='bbox 1423 5485 1523 5566; x_wconf 84' lang='lat' dir='ltr'>accipi</span> <span class='ocrx_word' id='word_1_408' title='bbox 1545 5481 1652 5546; x_wconf 89' lang='lat' dir='ltr'>debere</span> <span class='ocrx_word' id='word_1_409' title='bbox 1680 5503 1787 5546; x_wconf 89' lang='lat' dir='ltr'>eorum</span> <span class='ocrx_word' id='word_1_410' title='bbox 1810 5503 1890 5567; x_wconf 79' lang='lat' dir='ltr'>quae</span> 
     </span>
    </p>
   </div>
   <div class='ocr_carea' id='block_1_4' title="bbox 285 5635 1924 6224">
    <p class='ocr_par' dir='ltr' id='par_1_25' title="bbox 392 5635 1890 5706">
     <span class='ocr_line' id='line_1_44' title="bbox 392 5635 1890 5706; baseline 0 -16"><span class='ocrx_word' id='word_1_411' title='bbox 392 5636 417 5706; x_wconf 94' lang='grc'>1)</span> <span class='ocrx_word' id='word_1_412' title='bbox 436 5636 556 5691; x_wconf 74' lang='lat' dir='ltr'>auderet</span> <span class='ocrx_word' id='word_1_413' title='bbox 624 5636 652 5706; x_wconf 72' lang='lat' dir='ltr'>i)</span> <span class='ocrx_word' id='word_1_414' title='bbox 671 5635 828 5692; x_wconf 82' lang='lat' dir='ltr'>communie</span> <span class='ocrx_word' id='word_1_415' title='bbox 888 5636 915 5705; x_wconf 90' lang='grc'>3)</span> <span class='ocrx_word' id='word_1_416' title='bbox 935 5635 1068 5691; x_wconf 84' lang='lat' dir='ltr'>dicebant</span> <span class='ocrx_word' id='word_1_417' title='bbox 1128 5635 1155 5704; x_wconf 78' lang='grc'>1)</span> <span class='ocrx_word' id='word_1_418' title='bbox 1175 5635 1275 5691; x_wconf 87' lang='lat' dir='ltr'>domos</span> <span class='ocrx_word' id='word_1_419' title='bbox 1292 5651 1394 5705; x_wconf 85' lang='lat' dir='ltr'>panem</span> <span class='ocrx_word' id='word_1_420' title='bbox 1455 5636 1482 5705; x_wconf 82' lang='grc'>6)</span> <span class='ocrx_word' id='word_1_421' title='bbox 1500 5637 1673 5705; x_wconf 87' lang='lat' dir='ltr'>persuadere</span> <span class='ocrx_word' id='word_1_422' title='bbox 1735 5635 1762 5705; x_wconf 89' lang='grc'>6)</span> <span class='ocrx_word' id='word_1_423' title='bbox 1780 5635 1890 5691; x_wconf 76' lang='lat' dir='ltr'>initeris</span> 
     </span>
    </p>

    <p class='ocr_par' dir='ltr' id='par_1_26' title="bbox 287 5721 1889 5791">
     <span class='ocr_line' id='line_1_45' title="bbox 287 5721 1889 5791; baseline 0.001 -16"><span class='ocrx_word' id='word_1_424' title='bbox 287 5721 313 5790; x_wconf 87' lang='lat'>7)</span> <span class='ocrx_word' id='word_1_425' title='bbox 332 5738 366 5777; x_wconf 80' lang='lat' dir='ltr'>aa</span> <span class='ocrx_word' id='word_1_426' title='bbox 384 5721 500 5777; x_wconf 85' lang='lat' dir='ltr'>remisse</span> <span class='ocrx_word' id='word_1_427' title='bbox 535 5723 562 5784; x_wconf 91' lang='grc'>8)</span> <span class='ocrx_word' id='word_1_428' title='bbox 580 5721 749 5791; x_wconf 83' lang='lat' dir='ltr'>peculiarius</span> <span class='ocrx_word' id='word_1_429' title='bbox 784 5721 811 5790; x_wconf 83' lang='grc'>9)</span> <span class='ocrx_word' id='word_1_430' title='bbox 830 5721 983 5790; x_wconf 83' lang='lat' dir='ltr'>canonicis]</span> <span class='ocrx_word' id='word_1_431' title='bbox 993 5721 1135 5777; x_wconf 84' lang='lat' dir='ltr'>canonicis</span> <span class='ocrx_word' id='word_1_432' title='bbox 1145 5721 1290 5778; x_wconf 83' lang='lat' dir='ltr'>ordinibus</span> <span class='ocrx_word' id='word_1_433' title='bbox 1328 5721 1370 5790; x_wconf 93' lang='grc'>10)</span> <span class='ocrx_word' id='word_1_434' title='bbox 1390 5721 1581 5776; x_wconf 85' lang='lat' dir='ltr'>adherendum</span> <span class='ocrx_word' id='word_1_435' title='bbox 1600 5721 1635 5790; x_wconf 89' lang='lat' dir='ltr'>(d.</span> <span class='ocrx_word' id='word_1_436' title='bbox 1652 5727 1670 5780; x_wconf 85' lang='lat' dir='ltr'>i.</span> <span class='ocrx_word' id='word_1_437' title='bbox 1690 5723 1727 5777; x_wconf 88' lang='lat' dir='ltr'>ad</span> <span class='ocrx_word' id='word_1_438' title='bbox 1741 5721 1889 5789; x_wconf 85' lang='lat' dir='ltr'>heredum)</span> 
     </span>
    </p>

    <p class='ocr_par' dir='ltr' id='par_1_27' title="bbox 285 5806 1924 5964">
     <span class='ocr_line' id='line_1_46' title="bbox 288 5806 1924 5878; baseline 0.004 -18"><span class='ocrx_word' id='word_1_439' title='bbox 288 5806 330 5875; x_wconf 91' lang='grc'>11)</span> <span class='ocrx_word' id='word_1_440' title='bbox 348 5810 528 5878; x_wconf 71' lang='lat' dir='ltr'>stipendiumi</span> <span class='ocrx_word' id='word_1_441' title='bbox 550 5812 593 5862; x_wconf 87' lang='lat' dir='ltr'>die</span> <span class='ocrx_word' id='word_1_442' title='bbox 611 5810 694 5862; x_wconf 82' lang='lat' dir='ltr'>Form</span> <span class='ocrx_word' id='word_1_443' title='bbox 718 5811 766 5862; x_wconf 80' lang='lat' dir='ltr'>der</span> <span class='ocrx_word' id='word_1_444' title='bbox 783 5811 850 5862; x_wconf 86' lang='lat' dir='ltr'>Note</span> <span class='ocrx_word' id='word_1_445' title='bbox 874 5811 910 5861; x_wconf 87' lang='lat' dir='ltr'>ist</span> <span class='ocrx_word' id='word_1_446' title='bbox 933 5809 1100 5862; x_wconf 66' lang='lat' dir='ltr'>wwmebend</span> <span class='ocrx_word' id='word_1_447' title='bbox 1121 5811 1368 5876; x_wconf 68' lang='grc'><strong>91911110111111,</strong></span> <span class='ocrx_word' id='word_1_448' title='bbox 1387 5813 1446 5876; x_wconf 82' lang='lat'>363,</span> <span class='ocrx_word' id='word_1_449' title='bbox 1468 5810 1520 5861; x_wconf 99' lang='grc' dir='ltr'>ΝΒ</span> <span class='ocrx_word' id='word_1_450' title='bbox 1537 5813 1578 5873; x_wconf 79' lang='grc'>12,</span> <span class='ocrx_word' id='word_1_451' title='bbox 1597 5815 1638 5877; x_wconf 89' lang='grc'>70,</span> <span class='ocrx_word' id='word_1_452' title='bbox 1660 5811 1730 5862; x_wconf 83' lang='lat' dir='ltr'>nahe</span> <span class='ocrx_word' id='word_1_453' title='bbox 1753 5811 1890 5862; x_wconf 72' lang='lat' dir='ltr'>remeandi</span> <span class='ocrx_word' id='word_1_454' title='bbox 1898 5824 1924 5868; x_wconf 78' lang='grc'>15</span> 
     </span>
     <span class='ocr_line' id='line_1_47' title="bbox 285 5892 1888 5964; baseline 0 -16"><span class='ocrx_word' id='word_1_455' title='bbox 285 5897 402 5962; x_wconf 69' lang='grc'><strong>1111919111</strong></span> <span class='ocrx_word' id='word_1_456' title='bbox 419 5898 469 5948; x_wconf 89' lang='lat' dir='ltr'>mit</span> <span class='ocrx_word' id='word_1_457' title='bbox 486 5897 534 5948; x_wconf 85' lang='lat' dir='ltr'>der</span> <span class='ocrx_word' id='word_1_458' title='bbox 551 5897 618 5948; x_wconf 88' lang='lat' dir='ltr'>Note</span> <span class='ocrx_word' id='word_1_459' title='bbox 635 5897 685 5964; x_wconf 71' lang='lat' dir='ltr'>fiir</span> <span class='ocrx_word' id='word_1_460' title='bbox 702 5892 853 5964; x_wconf 82' lang='lat' dir='ltr'>‘stipendia’</span> <span class='ocrx_word' id='word_1_461' title='bbox 871 5896 902 5947; x_wconf 87' lang='lat' dir='ltr'><strong><em>K</em></strong></span> <span class='ocrx_word' id='word_1_462' title='bbox 913 5895 952 5962; x_wconf 89' lang='lat' dir='ltr'>II,</span> <span class='ocrx_word' id='word_1_463' title='bbox 969 5899 1022 5948; x_wconf 84' lang='lat'>332</span> <span class='ocrx_word' id='word_1_464' title='bbox 1078 5894 1119 5961; x_wconf 75' lang='lat' dir='ltr'>lt)</span> <span class='ocrx_word' id='word_1_465' title='bbox 1138 5895 1211 5961; x_wconf 88' lang='lat' dir='ltr'>loco]</span> <span class='ocrx_word' id='word_1_466' title='bbox 1228 5897 1444 5963; x_wconf 76' lang='lat' dir='ltr'>unpewdbnlicbe</span> <span class='ocrx_word' id='word_1_467' title='bbox 1463 5897 1546 5948; x_wconf 83' lang='lat' dir='ltr'>Farm</span> <span class='ocrx_word' id='word_1_468' title='bbox 1564 5897 1612 5948; x_wconf 89' lang='lat' dir='ltr'>der</span> <span class='ocrx_word' id='word_1_469' title='bbox 1629 5897 1719 5962; x_wconf 80' lang='lat' dir='ltr'>ritule,</span> <span class='ocrx_word' id='word_1_470' title='bbox 1737 5896 1769 5944; x_wconf 87' lang='lat' dir='ltr'><em>K</em></span> <span class='ocrx_word' id='word_1_471' title='bbox 1778 5895 1817 5958; x_wconf 86' lang='lat' dir='ltr'>II,</span> <span class='ocrx_word' id='word_1_472' title='bbox 1837 5899 1888 5948; x_wconf 81' lang='lat'>203</span> 
     </span>
    </p>

    <p class='ocr_par' dir='ltr' id='par_1_28' title="bbox 287 5977 1889 6050">
     <span class='ocr_line' id='line_1_48' title="bbox 287 5977 1889 6050; baseline -0.001 -17"><span class='ocrx_word' id='word_1_473' title='bbox 287 5977 330 6048; x_wconf 89' lang='grc'><strong>13)</strong></span> <span class='ocrx_word' id='word_1_474' title='bbox 347 5977 520 6034; x_wconf 83' lang='lat' dir='ltr'>hereditaria</span> <span class='ocrx_word' id='word_1_475' title='bbox 557 5979 600 6048; x_wconf 73' lang='grc'>11)</span> <span class='ocrx_word' id='word_1_476' title='bbox 619 5980 736 6046; x_wconf 87' lang='lat' dir='ltr'>corona]</span> <span class='ocrx_word' id='word_1_477' title='bbox 754 5982 834 6034; x_wconf 88' lang='lat' dir='ltr'>titula</span> <span class='ocrx_word' id='word_1_478' title='bbox 853 5979 905 6033; x_wconf 82' lang='lat' dir='ltr'>‘na’</span> <span class='ocrx_word' id='word_1_479' title='bbox 922 5988 987 6033; x_wconf 87' lang='lat' dir='ltr'>statt</span> <span class='ocrx_word' id='word_1_480' title='bbox 1005 5981 1053 6033; x_wconf 87' lang='lat' dir='ltr'>der</span> <span class='ocrx_word' id='word_1_481' title='bbox 1069 5983 1265 6048; x_wconf 77' lang='lat' dir='ltr'>peuribnliclren</span> <span class='ocrx_word' id='word_1_482' title='bbox 1283 5981 1317 6034; x_wconf 85' lang='lat' dir='ltr'>‘a&#39;</span> <span class='ocrx_word' id='word_1_483' title='bbox 1335 5983 1366 6034; x_wconf 90' lang='lat' dir='ltr'><em>K</em></span> <span class='ocrx_word' id='word_1_484' title='bbox 1372 5984 1412 6050; x_wconf 88' lang='lat' dir='ltr'>II,</span> <span class='ocrx_word' id='word_1_485' title='bbox 1430 5985 1471 6049; x_wconf 82' lang='grc'>71,</span> <span class='ocrx_word' id='word_1_486' title='bbox 1490 5982 1542 6034; x_wconf 89' lang='grc' dir='ltr'>ΝΒ</span> <span class='ocrx_word' id='word_1_487' title='bbox 1556 5985 1596 6047; x_wconf 83' lang='grc'>56,</span> <span class='ocrx_word' id='word_1_488' title='bbox 1610 5986 1642 6034; x_wconf 86' lang='grc'>69</span> <span class='ocrx_word' id='word_1_489' title='bbox 1688 5979 1731 6047; x_wconf 83' lang='grc'>15)</span> <span class='ocrx_word' id='word_1_490' title='bbox 1750 5980 1889 6046; x_wconf 85' lang='lat' dir='ltr'>divinam]</span> 
     </span>
    </p>

    <p class='ocr_par' dir='ltr' id='par_1_29' title="bbox 285 6063 1890 6135">
     <span class='ocr_line' id='line_1_49' title="bbox 285 6063 1890 6135; baseline 0 -17"><span class='ocrx_word' id='word_1_491' title='bbox 285 6063 398 6120; x_wconf 83' lang='lat' dir='ltr'>divinae</span> <span class='ocrx_word' id='word_1_492' title='bbox 460 6065 501 6133; x_wconf 89' lang='grc'><strong>16)</strong></span> <span class='ocrx_word' id='word_1_493' title='bbox 521 6069 605 6134; x_wconf 80' lang='lat' dir='ltr'>quipe</span> <span class='ocrx_word' id='word_1_494' title='bbox 622 6064 747 6133; x_wconf 82' lang='lat' dir='ltr'>utantur]</span> <span class='ocrx_word' id='word_1_495' title='bbox 767 6063 850 6134; x_wconf 86' lang='lat' dir='ltr'>culpa</span> <span class='ocrx_word' id='word_1_496' title='bbox 868 6069 980 6120; x_wconf 87' lang='lat' dir='ltr'>utentur</span> <span class='ocrx_word' id='word_1_497' title='bbox 1043 6066 1083 6132; x_wconf 87' lang='grc'><strong>17)</strong></span> <span class='ocrx_word' id='word_1_498' title='bbox 1100 6070 1137 6120; x_wconf 82' lang='lat' dir='ltr'>sit</span> <span class='ocrx_word' id='word_1_499' title='bbox 1155 6064 1225 6133; x_wconf 85' lang='lat' dir='ltr'>alia]</span> <span class='ocrx_word' id='word_1_500' title='bbox 1245 6071 1329 6122; x_wconf 84' lang='lat' dir='ltr'>aucta</span> <span class='ocrx_word' id='word_1_501' title='bbox 1389 6066 1432 6135; x_wconf 91' lang='grc'><strong>18)</strong></span> <span class='ocrx_word' id='word_1_502' title='bbox 1450 6067 1503 6132; x_wconf 81' lang='lat' dir='ltr'>sit]</span> <span class='ocrx_word' id='word_1_503' title='bbox 1522 6065 1577 6118; x_wconf 85' lang='lat' dir='ltr'>sint</span> <span class='ocrx_word' id='word_1_504' title='bbox 1637 6066 1678 6132; x_wconf 90' lang='grc'>19)</span> <span class='ocrx_word' id='word_1_505' title='bbox 1697 6065 1890 6134; x_wconf 68' lang='lat' dir='ltr'>suffimitiam]</span> 
     </span>
    </p>

    <p class='ocr_par' dir='ltr' id='par_1_30' title="bbox 285 6151 1671 6224">
     <span class='ocr_line' id='line_1_50' title="bbox 285 6151 1671 6224; baseline -0.001 -18"><span class='ocrx_word' id='word_1_506' title='bbox 285 6153 465 6206; x_wconf 68' lang='lat' dir='ltr'>undeunde</span> <span class='ocrx_word' id='word_1_507' title='bbox 483 6153 573 6222; x_wconf 84' lang='lat' dir='ltr'>titula,</span> <span class='ocrx_word' id='word_1_508' title='bbox 590 6154 640 6222; x_wconf 71' lang='lat' dir='ltr'>eal.</span> <span class='ocrx_word' id='word_1_509' title='bbox 660 6153 737 6222; x_wconf 84' lang='lat' dir='ltr'>KH,</span> <span class='ocrx_word' id='word_1_510' title='bbox 755 6156 812 6221; x_wconf 86' lang='grc'><strong>116,</strong></span> <span class='ocrx_word' id='word_1_511' title='bbox 830 6153 882 6205; x_wconf 91' lang='grc' dir='ltr'>ΝΒ</span> <span class='ocrx_word' id='word_1_512' title='bbox 900 6155 940 6218; x_wconf 92' lang='grc'>11,</span> <span class='ocrx_word' id='word_1_513' title='bbox 958 6156 989 6206; x_wconf 90' lang='grc'>61</span> <span class='ocrx_word' id='word_1_514' title='bbox 1059 6151 1103 6221; x_wconf 75' lang='lat' dir='ltr'>eo)</span> <span class='ocrx_word' id='word_1_515' title='bbox 1122 6155 1147 6205; x_wconf 84' lang='lat' dir='ltr'>si</span> <span class='ocrx_word' id='word_1_516' title='bbox 1165 6153 1238 6220; x_wconf 86' lang='lat' dir='ltr'>tam]</span> <span class='ocrx_word' id='word_1_517' title='bbox 1257 6152 1280 6204; x_wconf 84' lang='lat' dir='ltr'>si</span> <span class='ocrx_word' id='word_1_518' title='bbox 1298 6157 1392 6207; x_wconf 86' lang='lat' dir='ltr'>tamen</span> <span class='ocrx_word' id='word_1_519' title='bbox 1462 6152 1506 6221; x_wconf 73' lang='grc'>11)</span> <span class='ocrx_word' id='word_1_520' title='bbox 1525 6151 1671 6224; x_wconf 86' lang='lat' dir='ltr'>reliquerit</span> 
     </span>
    </p>
   </div>
   <div class='ocr_carea' id='block_1_5' title="bbox 0 0 2738 7666">
    <p class='ocr_par' dir='ltr' id='par_1_31' title="bbox 0 0 2738 7666">
     <span class='ocr_line' id='line_1_51' title="bbox 0 0 2738 7666; baseline 0 2"><span class='ocrx_word' id='word_1_521' title='bbox 0 0 2738 7666; x_wconf 95' lang='lat' dir='ltr'> </span> 
     </span>
    </p>
   </div>
  </div>
 </body>
</html>
