5468 7666
855 991 1022 1054 REGULA
1045 991 1340 1053 OANONIGORUM
1859 989 1898 1052 17

323 1167 359 1232 11
385 1185 530 1246 arguere,
546 1161 717 1228 obedientes
734 1169 836 1228 cutem
852 1170 880 1227 et
894 1163 991 1227 mites
1008 1169 1036 1226 et
1046 1164 1212 1246 potientes,
1229 1169 1264 1226 ut
1279 1163 1315 1226 in
1331 1162 1442 1226 melius
1459 1161 1666 1244 proficiscunt
1676 1159 1698 1241 ¹,
1724 1161 1902 1244 obsecrare;

384 1267 609 1350 necglegentes
632 1273 659 1330 et
681 1269 927 1332 contemnentes

324 1373 412 1438 1111
441 1370 589 1456 superbos
618 1379 653 1436 ut
682 1370 849 1452 increpent
879 1377 906 1434 et
935 1369 1110 1452 corripiant
1138 1389 1236 1454 neque
1258 1369 1460 1435 dissimulent
1480 1377 1611 1454 peccota
1633 1369 1901 1452 delinquentium,

384 1475 438 1540 sel
460 1494 538 1540 mox
558 1481 594 1538 ut
616 1475 772 1558 coeperint

323 1581 361 1644 13
386 1579 479 1656 orire,
509 1577 672 1654 radicitus
702 1580 738 1641 ut
764 1577 949 1660 prevalent,
979 1581 1150 1660 amputent
1180 1575 1366 1656 memore2,
1393 1578 1528 1661 periculi
1555 1577 1628 1642 Heli
1658 1578 1829 1642 sucerdotis
1859 1577 1923 1640 der

385 1682 470 1759 Silo;
504 1689 531 1746 et
553 1678 817 1745 honestioribus³

323 1785 509 1872 tequidem
540 1791 631 1870 atque
661 1783 876 1866 intelligibiles
897 1782 1029 1868 prilma)
1053 1793 1080 1848 et
1110 1783 1247 1848 secundo
1269 1783 1481 1848 admonitione
1503 1785 1602 1849 uerbis
1625 1785 1816 1868 corripiant3
1850 1784 1900 1848 iu-

385 1889 507 1972 probos
529 1885 662 1952 autem¹
685 1908 722 1950 nc
744 1887 843 1952 duros
866 1887 958 1951 corde
1906 1956 1911 1966 Ι

323 1995 363 2060 15
386 2015 423 2058 oc
451 1990 601 2077 superbos
635 1991 682 2055 net
715 1991 942 2056 inobedientes
977 1991 1113 2056 verbera
1150 1999 1177 2056 et
1210 1994 1353 2076 corporis
1384 1991 1619 2074 castigatione⁵
1646 1993 1682 2056 in
1710 1995 1779 2077 ipso
1809 1993 1901 2056 initio

380 2099 502 2183 peccati
524 2092 726 2172 coerceantfi,
1911 2113 1937 2157 10

324 2203 364 2266 16
386 2201 524 2266 scientes
546 2195 737 2282 scriptum7:
766 2197 882 2262 stultus
904 2198 1005 2262 uerbis
1026 2220 1091 2262 non
1113 2199 1291 2283 corrigitur,
1315 2207 1343 2264 et
1363 2197 1514 2264 iterumfl:
1538 2203 1671 2282 percute
1692 2199 1794 2283 fitium
1815 2206 1903 2264 tuum

385 2305 485 2388 sirpo,
510 2309 537 2366 et
558 2301 704 2367 liberabis
727 2303 867 2366 animum
889 2304 955 2366 eius
977 2323 998 2366 u
1019 2309 1126 2366 morte.

324 2409 362 2472 17
386 2407 428 2471 Et
451 2404 604 2492 quidquid
620 2427 681 2489 per
712 2426 744 2468 se
772 2407 850 2469 iuste
880 2413 908 2470 et
930 2405 1170 2471 racionabiliter
1191 2405 1360 2471 secundum
1382 2406 1574 2472 canonicam
1596 2406 1836 2470 institucionem
1857 2405 1903 2470 vel

386 2511 479 2575 buius
500 2529 600 2592 perne
622 2506 859 2573 institucionis⁹

325 2617 363 2679 18
385 2635 450 2678 reon
467 2615 629 2698 potuerint
651 2611 795 2688 definire,
819 2615 945 2677 omnino
969 2614 1110 2696 episcopo
1131 2611 1349 2694 patefaciant,
1378 2615 1493 2697 etipse
1521 2613 1690 2678 secundnm
1711 2612 1774 2677 Dei
1795 2613 1938 2677 cotenu

386 2725 480 2782 tutem
503 2715 586 2802 quod
608 2715 832 2796 castigandum
855 2723 898 2780 est
921 2717 1056 2798 castiget

324 2823 364 2886 19
387 2828 414 2884 et
437 2819 520 2906 quod
542 2817 768 2901 corrigendum
797 2827 840 2882 est
862 2820 1010 2901 corrigat.
1057 2820 1120 2900 Qui
1142 2818 1388 2884 archidiaconus
1415 2820 1462 2883 oet
1482 2819 1682 2902 primicerius
1703 2821 1740 2884 in
1762 2818 1904 2884 omnibus

388 2926 514 2990 omnino
538 2923 663 2988 actibus
685 2922 732 2985 nel
754 2921 899 3006 operibus
920 2925 987 2987 suis
1426 2999 1432 3010 ¹

323 3030 365 3094 10
387 3030 450 3092 siut
471 3027 540 3091 Deo
564 3032 591 3090 et
613 3026 754 3109 episcopo
776 3021 881 3109 fideles
904 3033 932 3090 et
953 3025 1124 3091 obedientes
1135 3023 1174 3108 ¹⁰,
1202 3032 1230 3090 et
1252 3045 1317 3089 non
1338 3027 1402 3090 siut
1428 3027 1555 3110 superbi
1581 3047 1678 3112 neque
1699 3026 1836 3092 rebelles
1858 3027 1905 3092 nel

389 3133 617 3206 contemtores,
639 3127 693 3192 sed
716 3129 796 3192 casti
818 3136 846 3193 et
868 3128 978 3206 sobrii,
1913 3151 1940 3194 ro

324 3235 360 3298 11
386 3233 564 3317 pacientes,
581 3231 712 3312 benigni
730 3238 821 3317 cipite
836 3232 1061 3297 misericordes
1074 3239 1101 3296 et
1116 3253 1235 3316 semper
1246 3253 1340 3315 super
1351 3233 1463 3296 multet
1474 3233 1692 3298 misericordia
1703 3231 1729 3277 ¹¹
1743 3233 1905 3316 iudicium,

387 3345 422 3402 ut
444 3343 472 3400 et
492 3337 556 3420 ipsi
576 3335 659 3398 idem
682 3343 920 3420 consequentur.
966 3335 1113 3420 Ditipunt

324 3441 365 3506 11
389 3440 520 3518 clerum,
543 3437 671 3503 oderint
693 3437 791 3521 vicia,
818 3441 853 3502 in
874 3441 976 3523 ipsam
999 3447 1102 3503 autem
1124 3436 1400 3523 comeccionem¹²
1416 3441 1543 3522 puriter
1554 3437 1583 3483 ¹³
1606 3447 1718 3525 sporn,
1742 3447 1769 3504 et
1790 3439 1907 3524 nequid

388 3545 494 3624 nimis,
517 3543 593 3606 dum

325 3649 366 3713 13
390 3650 509 3729 cupent
519 3644 548 3690 ¹¹
572 3645 706 3711 eradere
729 3645 904 3726 eruginem,
929 3645 1096 3727 frangatur
1118 3665 1185 3710 ras.
1198 3643 1227 3689 ¹⁵
1265 3645 1470 3710 Meminerint
1493 3645 1654 3711 calamum
1676 3645 1941 3728 quassatumffia

325 3752 368 3816 11
389 3772 453 3815 non
471 3748 714 3814 conterendum.
747 3747 790 3814 Iu
808 3747 918 3834 quibus
935 3769 999 3812 non
1015 3749 1147 3812 dicimus
1162 3756 1198 3812 ut
1207 3752 1394 3832 permittant
1409 3749 1531 3814 nutrire
1547 3749 1639 3828 vicia,
1661 3749 1715 3814 sed
1732 3749 1907 3833 prudenter

391 3862 418 3919 et
440 3875 509 3920 cum
530 3853 666 3918 karitate
687 3873 724 3916 eo
747 3850 943 3936 (amputare)
965 3851 1121 3934 festinent.

326 3958 536 4024 1501111111
565 3977 613 4040 ne,
643 3955 718 4019 dum
749 3955 823 4020 diis
847 3955 1089 4040 predicnnennt,
1119 3957 1182 4038 ipsi
1210 3955 1342 4038 reprobi
1371 3955 1562 4040 efficiuntur,
1593 3957 1798 4022 intendentes
1826 3956 1908 4020 illud

391 4061 593 4126 Dominicum
610 4057 847 4144 preceprnm¹⁷s
879 4066 907 4122 et
930 4059 984 4142 qui
1005 4059 1041 4122 iu
1063 4059 1150 4122 oculo
1172 4059 1289 4142 fratris
1310 4061 1359 4125 tui

434 4232 663 4318 11111141·
1918 4272 1944 4314 ,0

351 4356 365 4419 1
392 4354 551 4420 festucam
572 4349 739 4437 ridebisffl,
761 4353 797 4415 in
818 4357 871 4414 tuo
893 4351 1023 4415 trahem
1040 4373 1105 4416 non
1121 4352 1250 4418 vidisti?
1283 4353 1358 4418 Eiee
1380 4353 1523 4436 primum
1540 4353 1669 4418 trabem
1686 4353 1724 4417 de
1740 4353 1828 4418 oculo
1845 4360 1909 4436 tuo,

392 4465 419 4522 et
442 4464 516 4521 tunc
532 4457 714 4540 perspicies,
735 4461 770 4518 ut
793 4453 913 4518 educas

350 4561 369 4625 1
392 4560 552 4625 festucam
574 4559 612 4624 de
634 4559 721 4624 oculo
743 4558 860 4642 fratris
883 4559 938 4621 tui,
956 4575 959 4580 ·
975 4558 1038 4638 Qui
1054 4557 1301 4624 archidiaconus
1317 4559 1363 4624 oet
1379 4559 1589 4642 primiceriae,
1610 4561 1639 4624 st
1649 4561 1767 4644 reperti
1778 4561 1910 4644 fuerint,

393 4664 477 4750 quod
499 4663 589 4746 utut,
612 4661 760 4748 superbio
771 4659 800 4706 ¹⁹
823 4661 973 4726 antelati
995 4669 1050 4726 out

350 4769 370 4832 3
394 4767 647 4833 contradictores
658 4766 704 4830 nel
716 4768 935 4830 contemtores
948 4763 1143 4830 canonica¹⁰
1155 4773 1183 4830 et
1193 4766 1286 4830 buius
1297 4787 1397 4848 parve
1410 4767 1633 4846 institucionis,
1648 4765 1732 4832 hii²¹
1743 4767 1912 4832 secundum
1921 4793 1946 4834 11

394 4871 527 4936 Domini
543 4876 725 4954 preceptum

350 4976 372 5040 4
394 4977 644 5039 ammoneantur
660 4971 751 5037 semd
768 4979 796 5035 et
812 4973 935 5036 iterum.
969 4972 1006 5037 Si
1022 4993 1087 5036 non
1110 4972 1348 5056 ennodunerint,
1373 4973 1411 5036 ob
1434 4975 1574 5058 episcopo
1597 4973 1765 5038 seecundum
1786 4973 1913 5038 modum

396 5079 486 5164 quipe
507 5075 695 5140 iudicentur.
744 5073 865 5155 Quodsi
886 5097 983 5161 neque
1004 5077 1049 5139 sic
1071 5079 1275 5160 correxerint,
1298 5077 1336 5140 de
1358 5077 1523 5142 ordinibus
1545 5079 1611 5142 suis

352 5183 566 5258 belciantur,
597 5187 625 5244 et
654 5179 712 5244 ulii
742 5181 796 5264 qui
826 5179 914 5264 dtpni'
946 5186 1019 5244 eunt
1052 5186 1079 5242 et
1108 5179 1297 5244 voluntatem
1324 5181 1386 5245 Dei
1416 5181 1463 5244 uel
1495 5183 1630 5265 episcopi
1662 5183 1713 5245 sui
1745 5181 1914 5245 secuudum

395 5285 536 5350 divinum
553 5291 733 5369 preceptum
754 5283 951 5368 inpleveriut,
972 5285 1009 5347 in
1031 5279 1147 5348 locie¹²
1167 5281 1337 5349 illorum²3
1357 5285 1573 5370 subrogentur.
1922 5309 1948 5352 ro

310 5409 353 5417 1-—

415 5459 439 5526 ¹l
458 5454 649 5526 proficiscunt]
668 5453 818 5524 proficiant
852 5453 881 5524 1)
898 5453 1034 5524 memoro]
1050 5470 1196 5510 memores.
1221 5461 1237 5510 1
1254 5459 1318 5526 Rip.
1337 5464 1360 5526 1,
1378 5463 1411 5522 3,·
1428 5463 1453 5526 2,
1471 5463 1517 5525 12,·
1534 5463 1559 5526 4,
1577 5463 1610 5512 18
1645 5458 1673 5526 3)
1692 5457 1913 5527 honestioribus]

309 5541 487 5598 honestiores
556 5543 585 5612 t)
603 5541 709 5612 autem]
727 5558 798 5597 vero
874 5540 902 5610 5)
921 5541 1125 5610 castigationes
1200 5541 1227 5611 6)
1246 5542 1417 5598 coherceant
1491 5543 1518 5612 7)
1537 5543 1659 5598 scientes
1676 5546 1824 5616 scriptum]
1842 5542 1913 5598 Scri·

310 5635 388 5699 ptum
407 5630 535 5685 scientes.
570 5633 744 5698 Proe.18,2
800 5629 852 5698 ,8)
871 5627 1029 5696 etiterum]
1048 5631 1126 5683 Proo.
1145 5636 1188 5698 23,
1206 5636 1248 5699 13,
1266 5634 1298 5683 14
1373 5627 1400 5697 9)
1419 5628 1499 5683 buius
1517 5645 1607 5698 parvo
1625 5630 1822 5699 institucionis]
1842 5631 1915 5686 hauc

310 5733 431 5786 parram
448 5715 650 5771 institutionem
692 5715 735 5785 10)
754 5725 778 5770 ct
796 5716 959 5782 obedientes]
976 5717 1042 5784 fehlt
1060 5719 1091 5770 in
1107 5714 1146 5770 L¹
1187 5714 1231 5786 11)
1249 5733 1330 5786 super
1348 5719 1446 5770 mouet
1463 5719 1668 5783 misericordia]
1687 5717 1916 5786 superexaltent

310 5802 692 5871 misericordiae31ac.2,13
748 5801 789 5870 11)
808 5801 836 5854 11
854 5801 945 5868 ipsam
963 5831 997 5838 -
1016 5801 1236 5872 correcoionem]
1255 5803 1345 5870 ipsam
1364 5807 1457 5856 autem
1476 5801 1677 5856 correctionem
1732 5801 1774 5872 13)
1788 5805 1916 5874 puriter]
1924 5810 1950 5854 tr

310 5889 478 5958 prudentem
492 5894 523 5944 in
537 5887 574 5943 Ll
587 5891 803 5956 Verrcecbseluup
816 5891 864 5942 der
875 5889 959 5942 Noteu
969 5886 1071 5958 purud
1084 5892 1141 5942 und
1149 5887 1301 5958 providum
1314 5891 1399 5942 daher
1412 5888 1534 5958 ‘puriter'
1543 5897 1608 5943 stett
1622 5887 1809 5958 ‘prouidenter'
1817 5893 1916 5944 uotiert

313 5975 356 6044 14)
374 5974 487 6045 cupeut]
506 5975 622 6044 cupiunt
659 5973 702 6044 15)
720 5973 793 6043 vae]
807 5989 868 6036 vas.
889 5977 918 6028 et
955 5972 997 6042 16)
1016 5973 1564 6044 11111111111111111]1111111121·
1582 5974 1781 6029 arundinem
1800 5990 1915 6044 quassa-

311 6065 369 6118 tam
387 6077 443 6118 non
462 6059 663 6132 confringet
717 6060 760 6132 17)
774 6063 946 6133 preceptum]
963 6063 1060 6116 Metili.
1079 6067 1103 6129 7,
1121 6066 1153 6116 21
1209 6060 1251 6130 18)
1269 6063 1387 6128 ridebis]
1402 6061 1522 6116 videbas
1577 6059 1619 6130 19)
1637 6062 1782 6131 superbia]
1801 6061 1918 6131 superbi

311 6149 356 6220 10)
375 6149 522 6218 canonica]
541 6165 679 6204 canonum
722 6147 767 6218 11)
786 6147 834 6218 bii]
855 6148 881 6201 hi
931 6147 1077 6216 biliosis]
1094 6151 1175 6202 tilido
1194 6150 1395 6216 unpewibrdictr
1412 6145 1468 6203 ‘cie'
1484 6157 1549 6202 stati
1567 6147 1608 6202 ‘is’
1626 6147 1800 6217 1311111111]
1820 6164 1919 6203 eorum

1642 6253 1659 6307 3
