5468 7666
860 659 902 723 11
1270 662 1299 723 S.
1324 660 1621 723 GHRODEGANGI
1644 663 1848 723 METENSIS
1869 662 2053 724 EPISOOPI

884 832 923 896 13
946 831 1177 915 conferuntur¹
1201 832 1327 897 ecclesia
1343 833 1522 916 portionem
1544 853 1599 896 nec
1621 853 1689 896 eam
1710 833 1877 897 videantur
1899 829 2048 916 abicere2,
2072 835 2147 918 quia
2168 854 2232 898 nen
2249 841 2384 918 possunt
2404 853 2462 897 sua

945 936 1129 1020 relinquere,
1153 935 1236 1020 quod
1258 937 1301 998 eis
1323 932 1484 1018 deforme³
1505 938 1547 1000 sit
1569 938 1653 1000 inter
1674 956 1747 1000 suos
1763 957 1921 1020 pauperes
1943 935 2044 1019 reddi,
2067 939 2210 1002 noverint

884 1038 924 1102 14
945 1058 1008 1102 esse
1037 1036 1234 1102 deformius⁴
1258 1059 1453 1122 possessores
1482 1039 1520 1103 de
1549 1039 1745 1124 eleemosynis
1770 1061 1948 1124 pauperum
1977 1041 2077 1123 pasci.
2126 1040 2197 1106 Hac
2224 1043 2334 1104 etenim
2356 1042 2459 1123 proui-

945 1141 1082 1206 dmdum
1104 1149 1157 1224 est,
1179 1149 1214 1206 ut
1236 1164 1300 1206 uon
1322 1146 1473 1224 gravetur
1494 1142 1616 1208 mater⁵
1639 1143 1789 1226 Ecclesia,
1814 1165 1907 1230 qnam
1930 1152 2050 1209 coeostot
2073 1144 2184 1210 cotidie

838 1271 850 1310 s
883 1245 922 1309 15
945 1245 1159 1310 subventione
1180 1265 1363 1329 pauperum
1380 1247 1629 1332 viduarumquoe
1646 1255 1738 1332 olyrac
1750 1247 1939 1312 orfanorum
1951 1248 2111 1330 simulque
2124 1248 2291 1331 egeneium
2301 1266 2459 1313 canonum

945 1350 1082 1412 iussione
1104 1347 1327 1414 constrictamfi
1349 1349 1457 1414 dehere
1479 1371 1542 1414 csse
1563 1371 1682 1434 semper

882 1453 922 1516 16
944 1453 1074 1515 intenta.
1118 1452 1222 1537 Iyitur
1252 1454 1425 1538 quicunque
1454 1475 1485 1518 se
1507 1453 1551 1518 ad
1572 1453 1653 1517 bunc
1676 1454 1818 1518 ordinem
1834 1455 2036 1534 canonicum,
2060 1477 2149 1541 quem
2168 1453 2302 1520 arodus⁷
2324 1462 2360 1519 ut
2382 1475 2460 1517 cum-

946 1575 1004 1639 que
1025 1574 1216 1638 recuperare
1239 1558 1390 1640 mpimus,
1413 1559 1492 1621 111111
1514 1559 1548 1620 in
1570 1556 1706 1639 parvulo

884 1658 921 1722 17
946 1658 1128 1737 decretulo,
1157 1659 1245 1741 quod
1275 1659 1491 1742 degessimuS,
1520 1658 1782 1740 intimabimus⁸,
1811 1682 1843 1725 se
1871 1665 1992 1727 sociare
2020 1662 2167 1746 uoluerit,
2196 1685 2234 1727 ex
2263 1661 2355 1726 rebus
2385 1682 2459 1746 quas

826 1791 850 1832 ιο
944 1761 1034 1826 babet
1055 1763 1245 1828 sollemniter
1267 1763 1437 1828 donatione
1453 1787 1514 1849 per
1530 1771 1706 1848 presentem

883 1865 923 1930 18
946 1865 1038 1928 donet
1061 1866 1104 1930 ad
1125 1865 1522 1933 111111111111111Ρ11119
1550 1868 1593 1932 ad
1622 1887 1699 1952 opus
1721 1865 1823 1931 Dei¹⁰
1849 1869 1896 1932 vel
1922 1869 2042 1934 clericis
2069 1869 2184 1934 ibidem
2206 1868 2459 1934 deservientibus

945 1969 1054 2054 faciat.
1099 1969 1141 2034 Et
1158 1973 1319 2055 precaria,
1342 1973 1370 2035 si
1391 1975 1437 2035 ita
1460 1973 1488 2035 ei
1504 1969 1713 2055 placueritfl,

882 2073 923 2136 19
946 2073 1057 2137 exinde
1078 2074 1117 2138 ab
1140 2078 1281 2159 episcopo
1303 2077 1437 2159 occipiat
1457 2078 1492 2138 iu
1515 2097 1551 2138 ea
1577 2077 1709 2157 ratione,
1725 2082 1769 2158 ut,
1789 2075 1864 2140 dum
1884 2076 2022 2154 advivet,
2044 2079 2132 2161 ipsas
2153 2099 2203 2142 res
2220 2078 2458 2159 usufructuario

946 2176 1057 2241 ordi-ue
1079 2178 1209 2260 11111111,Ι
1231 2187 1258 2244 11
1275 2188 1348 2264 post
1372 2180 1488 2244 obitum
1511 2182 1577 2243 eius
1600 2200 1668 2244 cum
1691 2181 1777 2244 omni
1798 2183 1976 2265 inleyritale

825 2305 850 2348 u
881 2280 923 2343 10
946 2282 1110 2366 omniquae
1130 2285 1324 2367 superposito
1348 2283 1391 2348 ad
1413 2284 1570 2348 ecclesiam
1591 2285 1642 2347 cui
1664 2283 1742 2348 data
1762 2284 1884 2367 fuerint
1906 2283 1952 2348 rel
1973 2284 2074 2367 ipsius
2102 2286 2349 2368 conpreyatr'ouis
2377 2285 2461 2367 ipsas

946 2404 995 2446 res
1018 2383 1132 2469 absque
1153 2385 1250 2450 ullius
1272 2389 1504 2472 consternatione
1517 2383 1546 2430 ¹¹
1567 2387 1614 2450 oel
1636 2394 1795 2470 expectata
1817 2387 1987 2451 traditione

881 2487 919 2550 11
945 2495 1152 2552 reuertuntur.
1197 2489 1240 2552 Et
1262 2489 1351 2553 liceat
1375 2493 1402 2554 ei
1424 2490 1462 2554 de
1484 2487 1611 2554 1111113
1633 2491 1754 2556 mobile
1777 2513 1815 2556 11
1836 2493 1914 2574 ipsis
1928 2489 1954 2534 ¹⁴
1977 2489 2078 2574 rebus,
2108 2489 2261 2576 quamdiu
2282 2492 2357 2554 11111
2380 2498 2406 2553 11
2428 2493 2461 2554 in

945 2592 1014 2675 ipso
1037 2591 1148 2656 ordine
1170 2591 1375 2678 eleemosynas
1389 2592 1417 2637 ¹⁵
1439 2591 1560 2658 tamin
1577 2615 1735 2678 pauperes
1759 2616 1853 2680 quam
1876 2593 1919 2658 ad
1940 2597 2042 2677 ipsam

881 2695 922 2758 11
945 2698 1222 2781 conpreyationem,
1246 2718 1339 2782 quam
1362 2701 1454 2761 etium
1475 2698 1657 2784 ubicumque
1678 2700 1819 2782 uoluerit,
1841 2698 1945 2781 facere
1968 2706 1996 2762 et
2018 2700 2209 2764 necessitates
2231 2719 2307 2762 suas
2330 2697 2459 2781 explere.

824 2823 850 2866 ro
945 2798 1038 2862 11111
1060 2799 1183 2884 aliquid
1205 2800 1243 2864 de
1264 2803 1332 2885 ipso
1355 2802 1476 2866 mobile
1493 2813 1569 2888 post
1592 2802 1709 2866 obitum
1730 2805 1796 2866 eius
1818 2823 1912 2886 super
1933 2803 2041 2886 fuerit,
2065 2801 2167 2866 medio

880 2901 921 2965 13
940 2922 1022 2984 pars
1042 2903 1078 2964 in
1098 2902 1287 2988 eleemosyna
1309 2907 1375 2968 eius
1396 2907 1431 2968 in
1447 2926 1606 2989 pauperes
1628 2906 1674 2968 uel
1690 2927 1754 2991 pro
1777 2907 1889 2970 missas
1912 2907 1978 2969 eius
2000 2912 2056 2968 aut
2077 2905 2130 2971 111
2158 2905 2290 2969 11111111
2320 2903 2461 2986 ambulet,

944 3004 1174 3070 archidiacono
1198 3014 1253 3070 aut
1274 3007 1456 3090 primicerio

879 3107 923 3172 14
943 3108 990 3172 111
1004 3110 1054 3172 cui
1071 3111 1137 3193 ipse
1153 3113 1256 3175 uirens
1272 3110 1432 3192 rogaverit
1451 3113 1659 3196 dispensante.
1693 3110 1737 3175 Et
1751 3111 1809 3174 illa
1819 3111 1924 3175 medio
1934 3108 1963 3154 ¹⁶
1970 3131 2053 3194 pars
2064 3111 2099 3173 in
2115 3111 2215 3194 ipsius
2233 3110 2422 3194 eleemosyna
2434 3107 2461 3152 ¹¹

945 3211 988 3276 ad
1010 3211 1130 3276 elerum
1153 3213 1199 3278 oel
1221 3213 1264 3277 ad
1286 3217 1386 3298 ipsam
1411 3218 1678 3302 conpreyationem

824 3339 850 3382 rs
880 3315 921 3378 15
944 3322 1127 3380 reuertatur.
1161 3317 1204 3382 m
1225 3319 1288 3402 ipsi
1310 3319 1415 3382 clerici
1437 3319 1475 3384 de
1496 3322 1574 3404 ipsis
1592 3317 1684 3384 rebus
1704 3338 1782 3403 ques
1804 3319 1839 3381 in
1861 3317 2024 3400 precarias
2046 3315 2167 3398 nabun,
2192 3337 2288 3400 neque
2310 3316 2347 3379 de
2369 3317 2462 3379 terris

944 3439 1041 3503 neque
1062 3418 1101 3482 de
1122 3420 1223 3484 vineis
1246 3429 1301 3485 aut
1322 3421 1419 3500 silvis,
1442 3423 1555 3505 pratis

987 3588 1033 3654 bl
1073 3591 1113 3655 ol.
1136 3593 1214 3656 161.Ι

903 3711 916 3775 1
944 3590 1094 3792 domibeie,
1112 3713 1274 3796 aedificiis,
1290 3715 1468 3799 mancipiis,
1486 3713 1649 3779 accolabus
1659 3710 1688 3758 ¹⁸
1702 3713 1749 3777 uel
1761 3711 1871 3798 quibus
1882 3713 1954 3778 libet
1970 3712 2061 3776 rebus
2077 3711 2277 3776 inmobilibus
2294 3711 2461 3776 minuendi

944 3822 999 3879 aut
1021 3816 1183 3880 vendendi
1206 3824 1261 3882 aut
1283 3817 1486 3882 conmutandi
1496 3815 1525 3861 ¹⁹
1541 3824 1724 3901 potestatem
1747 3837 1812 3880 non
1833 3816 1976 3898 babeant,
2000 3823 2132 3899 eccepto,

822 3944 848 3985 so
900 3919 976 3982 111
1006 3918 1153 4001 diximus,
1185 3920 1223 3984 de
1251 3921 1310 3985 illu
1340 3921 1449 4004 fructu
1479 3921 1526 3985 uel
1555 3920 1639 4006 quod
1669 3919 1781 3984 ibidem
1812 3920 1962 3985 laborare
1980 3921 2152 4004 potuerint,
2184 3921 2315 3984 uiuentes
2338 3918 2462 4000 faciant

943 4022 1027 4107 quod
1048 4023 1211 4088 noluerint.
1259 4024 1350 4104 erod
1371 4026 1400 4088 si
1422 4026 1593 4109 contiyerit,
1616 4025 1765 4089 suadente

900 4127 919 4190 3
943 4125 1078 4210 diabolo,
1095 4134 1130 4191 ut
1147 4127 1263 4212 aliquis
1285 4150 1323 4192 eu
1344 4129 1392 4192 liis
1413 4127 1571 4211 fratribus
1594 4131 1649 4213 qui
1669 4131 1756 4213 ipsus
1778 4149 1828 4192 res
1841 4148 1902 4212 per
1924 4129 2087 4210 precarias
2098 4127 2273 4204 babreerint,
2296 4121 2461 4189 inalico²⁰

943 4233 1074 4295 crimine
1095 4250 1192 4312 grave
1216 4239 1271 4295 aut
1293 4233 1355 4296 leue
1376 4227 1545 4296 incedat²¹
1569 4239 1624 4296 au

898 4333 1173 4417 lpoeuitentiam,
1196 4336 1287 4399 iucta
1310 4335 1394 4420 quod
1423 4336 1584 4418 epismpus
1607 4337 1635 4398 ei
1655 4334 1851 4418 iudicaverit,
1883 4343 1973 4420 oyat;
2005 4343 2108 4399 tamen
2131 4335 2168 4399 de
2191 4333 2282 4400 rebus
2305 4353 2383 4417 quas
2401 4352 2462 4414 per

820 4462 846 4506 a
941 4437 1121 4519 precariam
1138 4437 1289 4522 possidet,
1313 4438 1494 4521 expoliatus
1510 4460 1574 4523 pro
1598 4436 1673 4502 ac²²
1695 4460 1730 4503 re
1753 4458 1816 4503 esse

898 4541 1004 4605 bnon
1028 4541 1142 4605 debeat.
1188 4541 1224 4606 Si
1248 4544 1317 4626 quis
1347 4549 1450 4606 autem
1472 4543 1576 4606 eodem
1597 4543 1699 4623 modo,
1730 4564 1790 4627 quo
1812 4563 1913 4626 supra
1935 4541 2141 4618 instituimus
2171 4541 2317 4606 adhunc
2339 4560 2462 4624 conpre-

939 4647 1105 4730 yationem,
1129 4652 1193 4708 turn
1216 4667 1299 4710 unus
1322 4668 1359 4710 eu
1382 4645 1545 4710 abbatibus
1568 4650 1693 4730 nostris,
1717 4667 1816 4728 quain
1839 4645 1984 4727 quilibet,
2008 4647 2166 4709 eutraueis

898 4749 918 4812 6
941 4749 1060 4812 clericis
1082 4769 1118 4813 se
1141 4750 1265 4814 sociare
1288 4749 1529 4828 desideraverit,
1561 4773 1594 4816 eo
1617 4757 1740 4829 tenore,
1763 4757 1797 4814 ut
1820 4749 1878 4813 alii
1899 4749 2018 4832 fratres
2040 4749 2191 4832 feceruut,
2214 4749 2324 4832 faeiat.
2372 4746 2462 4828 Qrcod

941 4855 970 4916 si
991 4854 1084 4916 aliter
1106 4853 1213 4936 fuerit,
1238 4855 1345 4938 quise
1368 4856 1411 4918 eis
1433 4855 1566 4919 uoluerit
1588 4857 1709 4919 sociare

817 5071 843 5114 40
961 5041 986 5111 1)
1005 5045 1200 5112 conferuntur]
1217 5041 1261 5098 ‘fe'
1279 5047 1329 5098 der
1339 5049 1481 5110 yrbsseren
1491 5045 1671 5098 Deatliclrlreit
1690 5062 1778 5111 ueycn
1791 5043 2024 5111 riberyeeclrrieben
2059 5041 2088 5108 1)
2107 5043 2227 5108 abicere]
2246 5043 2462 5110 ansfdlrrliclrere

852 5131 935 5182 tilido
970 5127 997 5196 3)
1017 5133 1055 5183 eis
1064 5131 1199 5198 deforme]
1215 5127 1320 5183 eisdem
1330 5126 1420 5181 forme
1455 5128 1483 5195 1)
1501 5127 1661 5197 deformius]
1676 5127 1818 5184 deformes
1854 5127 1883 5197 5)
1901 5129 2004 5194 mater]
2021 5130 2087 5196 felilt
2106 5133 2136 5182 tn
2153 5125 2192 5181 11²
2226 5127 2254 5196 6)
2274 5128 2462 5192 constrictam]

852 5214 921 5268 ‘trio'
939 5218 988 5269 der
1003 5221 1145 5284 prissermr
1162 5216 1343 5270 Deutlr'elrlceit
1360 5233 1448 5282 roeyen
1466 5223 1599 5282 zuyesetzt
1661 5213 1688 5283 7)
1706 5216 1817 5281 modus]
1835 5214 1935 5279 modo,
1954 5217 2004 5281 oyl.
2022 5217 2050 5274 S.
2069 5221 2108 5280 10,
2127 5217 2241 5268 Anm.9
2308 5213 2336 5280 8)
2354 5212 2462 5266 intima-

852 5298 955 5370 bimus]
974 5300 1164 5354 intimavimus
1217 5298 1244 5368 9)
1263 5302 1333 5354 beati
1350 5298 1441 5367 Pauli]
1461 5303 1636 5367 eoeyyelassen
1655 5304 1685 5353 in
1703 5300 1740 5354 11²
1795 5299 1836 5369 10)
1856 5301 1925 5366 Dei]
1944 5297 1991 5352 dni
2045 5299 2087 5367 11)
2101 5300 2255 5368 placium-it]
2273 5301 2400 5352 Dttrrlber
2418 5317 2462 5351 ane

852 5388 946 5440 Raude
964 5390 1051 5454 einiye
1068 5389 1162 5453 Noten,
1180 5389 1261 5440 deren
1279 5395 1347 5440 erste
1364 5389 1413 5438 mit
1431 5385 1466 5438 ‘l’
1483 5387 1547 5438 oder
1565 5385 1605 5438 ‘L'
1624 5391 1739 5454 anfanyt
1789 5384 1832 5454 11)
1850 5388 1935 5439 ullius
1949 5386 2166 5452 compilatione]
2185 5384 2267 5438 ullius
2285 5385 2351 5453 fehlt
2370 5382 2466 5449 1111,-

815 5470 912 5528 te‘sin'
931 5475 979 5526 der
994 5478 1135 5541 yrbsseren
1155 5473 1333 5526 Deutliclrlceit
1351 5489 1439 5538 roeyen
1457 5473 1689 5538 mnymcnrteem
1778 5470 1820 5540 13)
1839 5474 1930 5539 omni]
1949 5487 2030 5525 omne
2119 5469 2161 5538 11)
2185 5489 2219 5524 eu
2237 5472 2323 5540 ipsis]
2347 5475 2376 5523 11
2393 5469 2463 5538 ipsis

856 5558 898 5621 15)
918 5560 1012 5611 ordine
1030 5559 1224 5626 eleemosynas]
1242 5556 1341 5611 ordine
1360 5555 1489 5610 consistit
1507 5555 1703 5610 aelemosinas.
1732 5560 1766 5611 ln
1784 5556 1977 5627 ‘eleemosynas’
1995 5559 2077 5612 titula
2095 5557 2161 5610 ‘nas'
2179 5564 2243 5609 stau
2262 5555 2311 5610 ‘as’
2354 5555 2396 5624 16)
2413 5557 2465 5609 illa

854 5645 961 5709 media]
977 5641 1028 5696 illa
1046 5642 1103 5696 slis
1120 5642 1214 5696 medis
1285 5642 1327 5710 17)
1347 5643 1527 5710 eleemosyna]
1545 5641 1716 5696 aelemosine
1789 5643 1832 5710 18)
1851 5644 1989 5698 acolabus
2062 5641 2105 5711 19)
2125 5640 2315 5710 conmutandi]
2336 5640 2398 5695 ‘ma’
2415 5644 2465 5694 der

852 5735 991 5798 prisserm
1026 5729 1206 5783 Dentlr'alrlceit
1237 5731 1329 5782 balber
1359 5729 1591 5797 elberyescbrieben
1678 5727 1723 5796 10)
1755 5727 1840 5798 alico]
1869 5728 1963 5799 aliquo
2051 5728 2096 5797 11)
2123 5727 2238 5782 incedet
2264 5729 2329 5794 ant]
2359 5725 2467 5780 ineidat

853 5813 899 5883 11)
918 5815 967 5884 11]
986 5812 1040 5871 hac
